@techreport{3gpp.36.101,
 author = {3GPP},
 day = {28},
 institution = {{3rd Generation Partnership Project (3GPP)}},
 month = {03},
 note = {Version 14.3.0},
 number = {36.101},
 title = {{Evolved Universal Terrestrial Radio Access (E-UTRA); User Equipment (UE) radio transmission and reception}},
 type = {Technical Specification (TS)},
 url = {https://portal.3gpp.org/desktopmodules/Specifications/SpecificationDetails.aspx?specificationId=2411},
 year = {2017}
}

@techreport{3gpp.36.104,
 author = {3GPP},
 day = {28},
 institution = {{3rd Generation Partnership Project (3GPP)}},
 month = {03},
 note = {Version 14.3.0},
 number = {36.104},
 title = {{Evolved Universal Terrestrial Radio Access (E-UTRA); Base Station (BS) radio transmission and reception}},
 type = {Technical Specification (TS)},
 url = {https://portal.3gpp.org/desktopmodules/Specifications/SpecificationDetails.aspx?specificationId=2412},
 year = {2017}
}

@techreport{3gpp.36.106,
 author = {3GPP},
 day = {29},
 institution = {{3rd Generation Partnership Project (3GPP)}},
 month = {03},
 note = {Version 14.0.0},
 number = {36.106},
 title = {{Evolved Universal Terrestrial Radio Access (E-UTRA); FDD repeater radio transmission and reception}},
 type = {Technical Specification (TS)},
 url = {https://portal.3gpp.org/desktopmodules/Specifications/SpecificationDetails.aspx?specificationId=2413},
 year = {2017}
}

@techreport{3gpp.36.111,
 author = {3GPP},
 day = {29},
 institution = {{3rd Generation Partnership Project (3GPP)}},
 month = {03},
 note = {Version 14.0.0},
 number = {36.111},
 title = {{Location Measurement Unit (LMU) performance specification;  Network based positioning systems in Evolved Universal Terrestrial Radio Access Network (E-UTRAN)}},
 type = {Technical Specification (TS)},
 url = {https://portal.3gpp.org/desktopmodules/Specifications/SpecificationDetails.aspx?specificationId=2414},
 year = {2017}
}

@techreport{3gpp.36.112,
 author = {3GPP},
 day = {29},
 institution = {{3rd Generation Partnership Project (3GPP)}},
 month = {03},
 note = {Version 14.0.0},
 number = {36.112},
 title = {{Location Measurement Unit (LMU) conformance specification;  Network based positioning systems in Evolved Universal Terrestrial Radio Access Network (E-UTRAN)}},
 type = {Technical Specification (TS)},
 url = {https://portal.3gpp.org/desktopmodules/Specifications/SpecificationDetails.aspx?specificationId=2415},
 year = {2017}
}

@techreport{3gpp.36.113,
 author = {3GPP},
 day = {28},
 institution = {{3rd Generation Partnership Project (3GPP)}},
 month = {03},
 note = {Version 14.2.0},
 number = {36.113},
 title = {{Evolved Universal Terrestrial Radio Access (E-UTRA); Base Station (BS) and repeater ElectroMagnetic Compatibility (EMC)}},
 type = {Technical Specification (TS)},
 url = {https://portal.3gpp.org/desktopmodules/Specifications/SpecificationDetails.aspx?specificationId=2416},
 year = {2017}
}

@techreport{3gpp.36.116,
 author = {3GPP},
 day = {29},
 institution = {{3rd Generation Partnership Project (3GPP)}},
 month = {03},
 note = {Version 14.0.0},
 number = {36.116},
 title = {{Evolved Universal Terrestrial Radio Access (E-UTRA); Relay radio transmission and reception}},
 type = {Technical Specification (TS)},
 url = {https://portal.3gpp.org/desktopmodules/Specifications/SpecificationDetails.aspx?specificationId=2417},
 year = {2017}
}

@techreport{3gpp.36.117,
 author = {3GPP},
 day = {29},
 institution = {{3rd Generation Partnership Project (3GPP)}},
 month = {03},
 note = {Version 14.0.0},
 number = {36.117},
 title = {{Evolved Universal Terrestrial Radio Access (E-UTRA); Relay conformance testing}},
 type = {Technical Specification (TS)},
 url = {https://portal.3gpp.org/desktopmodules/Specifications/SpecificationDetails.aspx?specificationId=2418},
 year = {2017}
}

@techreport{3gpp.36.124,
 author = {3GPP},
 day = {12},
 institution = {{3rd Generation Partnership Project (3GPP)}},
 month = {01},
 note = {Version 14.1.0},
 number = {36.124},
 title = {{Evolved Universal Terrestrial Radio Access (E-UTRA); Electromagnetic compatibility (EMC) requirements for mobile terminals and ancillary equipment}},
 type = {Technical Specification (TS)},
 url = {https://portal.3gpp.org/desktopmodules/Specifications/SpecificationDetails.aspx?specificationId=2419},
 year = {2017}
}

@techreport{3gpp.36.133,
 author = {3GPP},
 day = {28},
 institution = {{3rd Generation Partnership Project (3GPP)}},
 month = {03},
 note = {Version 14.3.0},
 number = {36.133},
 title = {{Evolved Universal Terrestrial Radio Access (E-UTRA); Requirements for support of radio resource management}},
 type = {Technical Specification (TS)},
 url = {https://portal.3gpp.org/desktopmodules/Specifications/SpecificationDetails.aspx?specificationId=2420},
 year = {2017}
}

@techreport{3gpp.36.141,
 author = {3GPP},
 day = {28},
 institution = {{3rd Generation Partnership Project (3GPP)}},
 month = {03},
 note = {Version 14.3.0},
 number = {36.141},
 title = {{Evolved Universal Terrestrial Radio Access (E-UTRA); Base Station (BS) conformance testing}},
 type = {Technical Specification (TS)},
 url = {https://portal.3gpp.org/desktopmodules/Specifications/SpecificationDetails.aspx?specificationId=2421},
 year = {2017}
}

@techreport{3gpp.36.143,
 author = {3GPP},
 day = {29},
 institution = {{3rd Generation Partnership Project (3GPP)}},
 month = {03},
 note = {Version 14.0.0},
 number = {36.143},
 title = {{Evolved Universal Terrestrial Radio Access (E-UTRA); FDD repeater conformance testing}},
 type = {Technical Specification (TS)},
 url = {https://portal.3gpp.org/desktopmodules/Specifications/SpecificationDetails.aspx?specificationId=2422},
 year = {2017}
}

@techreport{3gpp.36.171,
 author = {3GPP},
 day = {29},
 institution = {{3rd Generation Partnership Project (3GPP)}},
 month = {03},
 note = {Version 14.0.0},
 number = {36.171},
 title = {{Evolved Universal Terrestrial Radio Access (E-UTRA); Requirements for Support of Assisted Global Navigation Satellite System (A-GNSS)}},
 type = {Technical Specification (TS)},
 url = {https://portal.3gpp.org/desktopmodules/Specifications/SpecificationDetails.aspx?specificationId=2423},
 year = {2017}
}

@techreport{3gpp.36.201,
 author = {3GPP},
 day = {23},
 institution = {{3rd Generation Partnership Project (3GPP)}},
 month = {03},
 note = {Version 14.1.0},
 number = {36.201},
 title = {{Evolved Universal Terrestrial Radio Access (E-UTRA); LTE physical layer; General description}},
 type = {Technical Specification (TS)},
 url = {https://portal.3gpp.org/desktopmodules/Specifications/SpecificationDetails.aspx?specificationId=2424},
 year = {2017}
}

@techreport{3gpp.36.211,
 author = {3GPP},
 day = {23},
 institution = {{3rd Generation Partnership Project (3GPP)}},
 month = {03},
 note = {Version 14.2.0},
 number = {36.211},
 title = {{Evolved Universal Terrestrial Radio Access (E-UTRA); Physical channels and modulation}},
 type = {Technical Specification (TS)},
 url = {https://portal.3gpp.org/desktopmodules/Specifications/SpecificationDetails.aspx?specificationId=2425},
 year = {2017}
}

@techreport{3gpp.36.212,
 author = {3GPP},
 day = {23},
 institution = {{3rd Generation Partnership Project (3GPP)}},
 month = {03},
 note = {Version 14.2.0},
 number = {36.212},
 title = {{Evolved Universal Terrestrial Radio Access (E-UTRA); Multiplexing and channel coding}},
 type = {Technical Specification (TS)},
 url = {https://portal.3gpp.org/desktopmodules/Specifications/SpecificationDetails.aspx?specificationId=2426},
 year = {2017}
}

@techreport{3gpp.36.213,
 author = {3GPP},
 day = {23},
 institution = {{3rd Generation Partnership Project (3GPP)}},
 month = {03},
 note = {Version 14.2.0},
 number = {36.213},
 title = {{Evolved Universal Terrestrial Radio Access (E-UTRA); Physical layer procedures}},
 type = {Technical Specification (TS)},
 url = {https://portal.3gpp.org/desktopmodules/Specifications/SpecificationDetails.aspx?specificationId=2427},
 year = {2017}
}

@techreport{3gpp.36.214,
 author = {3GPP},
 day = {23},
 institution = {{3rd Generation Partnership Project (3GPP)}},
 month = {03},
 note = {Version 14.2.0},
 number = {36.214},
 title = {{Evolved Universal Terrestrial Radio Access (E-UTRA); Physical layer; Measurements}},
 type = {Technical Specification (TS)},
 url = {https://portal.3gpp.org/desktopmodules/Specifications/SpecificationDetails.aspx?specificationId=2428},
 year = {2017}
}

@techreport{3gpp.36.216,
 author = {3GPP},
 day = {25},
 institution = {{3rd Generation Partnership Project (3GPP)}},
 month = {03},
 note = {Version 14.0.0},
 number = {36.216},
 title = {{Evolved Universal Terrestrial Radio Access (E-UTRA); Physical layer for relaying operation}},
 type = {Technical Specification (TS)},
 url = {https://portal.3gpp.org/desktopmodules/Specifications/SpecificationDetails.aspx?specificationId=2429},
 year = {2017}
}

@techreport{3gpp.36.300,
 author = {3GPP},
 day = {19},
 institution = {{3rd Generation Partnership Project (3GPP)}},
 month = {04},
 note = {Version 14.2.0},
 number = {36.300},
 title = {{Evolved Universal Terrestrial Radio Access (E-UTRA) and Evolved Universal Terrestrial Radio Access Network (E-UTRAN); Overall description; Stage 2}},
 type = {Technical Specification (TS)},
 url = {https://portal.3gpp.org/desktopmodules/Specifications/SpecificationDetails.aspx?specificationId=2430},
 year = {2017}
}

@techreport{3gpp.36.302,
 author = {3GPP},
 day = {22},
 institution = {{3rd Generation Partnership Project (3GPP)}},
 month = {03},
 note = {Version 14.2.0},
 number = {36.302},
 title = {{Evolved Universal Terrestrial Radio Access (E-UTRA); Services provided by the physical layer}},
 type = {Technical Specification (TS)},
 url = {https://portal.3gpp.org/desktopmodules/Specifications/SpecificationDetails.aspx?specificationId=2431},
 year = {2017}
}

@techreport{3gpp.36.304,
 author = {3GPP},
 day = {22},
 institution = {{3rd Generation Partnership Project (3GPP)}},
 month = {03},
 note = {Version 14.2.0},
 number = {36.304},
 title = {{Evolved Universal Terrestrial Radio Access (E-UTRA); User Equipment (UE) procedures in idle mode}},
 type = {Technical Specification (TS)},
 url = {https://portal.3gpp.org/desktopmodules/Specifications/SpecificationDetails.aspx?specificationId=2432},
 year = {2017}
}

@techreport{3gpp.36.305,
 author = {3GPP},
 day = {22},
 institution = {{3rd Generation Partnership Project (3GPP)}},
 month = {03},
 note = {Version 14.1.0},
 number = {36.305},
 title = {{Evolved Universal Terrestrial Radio Access Network (E-UTRAN); Stage 2 functional specification of User Equipment (UE) positioning in E-UTRAN}},
 type = {Technical Specification (TS)},
 url = {https://portal.3gpp.org/desktopmodules/Specifications/SpecificationDetails.aspx?specificationId=2433},
 year = {2017}
}

@techreport{3gpp.36.306,
 author = {3GPP},
 day = {22},
 institution = {{3rd Generation Partnership Project (3GPP)}},
 month = {03},
 note = {Version 14.2.0},
 number = {36.306},
 title = {{Evolved Universal Terrestrial Radio Access (E-UTRA); User Equipment (UE) radio access capabilities}},
 type = {Technical Specification (TS)},
 url = {https://portal.3gpp.org/desktopmodules/Specifications/SpecificationDetails.aspx?specificationId=2434},
 year = {2017}
}

@techreport{3gpp.36.307,
 author = {3GPP},
 day = {28},
 institution = {{3rd Generation Partnership Project (3GPP)}},
 month = {03},
 note = {Version 14.2.0},
 number = {36.307},
 title = {{Evolved Universal Terrestrial Radio Access (E-UTRA); Requirements on User Equipments (UEs) supporting a release-independent frequency band}},
 type = {Technical Specification (TS)},
 url = {https://portal.3gpp.org/desktopmodules/Specifications/SpecificationDetails.aspx?specificationId=2435},
 year = {2017}
}

@techreport{3gpp.36.314,
 author = {3GPP},
 day = {23},
 institution = {{3rd Generation Partnership Project (3GPP)}},
 month = {03},
 note = {Version 14.0.0},
 number = {36.314},
 title = {{Evolved Universal Terrestrial Radio Access  (E-UTRA); Layer 2 - Measurements}},
 type = {Technical Specification (TS)},
 url = {https://portal.3gpp.org/desktopmodules/Specifications/SpecificationDetails.aspx?specificationId=2436},
 year = {2017}
}

@techreport{3gpp.36.321,
 author = {3GPP},
 day = {27},
 institution = {{3rd Generation Partnership Project (3GPP)}},
 month = {04},
 note = {Version 14.2.1},
 number = {36.321},
 title = {{Evolved Universal Terrestrial Radio Access (E-UTRA); Medium Access Control (MAC) protocol specification}},
 type = {Technical Specification (TS)},
 url = {https://portal.3gpp.org/desktopmodules/Specifications/SpecificationDetails.aspx?specificationId=2437},
 year = {2017}
}

@techreport{3gpp.36.322,
 author = {3GPP},
 day = {22},
 institution = {{3rd Generation Partnership Project (3GPP)}},
 month = {03},
 note = {Version 14.0.0},
 number = {36.322},
 title = {{Evolved Universal Terrestrial Radio Access (E-UTRA); Radio Link Control (RLC) protocol specification}},
 type = {Technical Specification (TS)},
 url = {https://portal.3gpp.org/desktopmodules/Specifications/SpecificationDetails.aspx?specificationId=2438},
 year = {2017}
}

@techreport{3gpp.36.323,
 author = {3GPP},
 day = {22},
 institution = {{3rd Generation Partnership Project (3GPP)}},
 month = {03},
 note = {Version 14.2.0},
 number = {36.323},
 title = {{Evolved Universal Terrestrial Radio Access (E-UTRA); Packet Data Convergence Protocol (PDCP) specification}},
 type = {Technical Specification (TS)},
 url = {https://portal.3gpp.org/desktopmodules/Specifications/SpecificationDetails.aspx?specificationId=2439},
 year = {2017}
}

@techreport{3gpp.36.331,
 author = {3GPP},
 day = {20},
 institution = {{3rd Generation Partnership Project (3GPP)}},
 month = {04},
 note = {Version 14.2.2},
 number = {36.331},
 title = {{Evolved Universal Terrestrial Radio Access (E-UTRA); Radio Resource Control (RRC); Protocol specification}},
 type = {Technical Specification (TS)},
 url = {https://portal.3gpp.org/desktopmodules/Specifications/SpecificationDetails.aspx?specificationId=2440},
 year = {2017}
}

@techreport{3gpp.36.355,
 author = {3GPP},
 day = {23},
 institution = {{3rd Generation Partnership Project (3GPP)}},
 month = {03},
 note = {Version 14.1.0},
 number = {36.355},
 title = {{Evolved Universal Terrestrial Radio Access (E-UTRA); LTE Positioning Protocol (LPP)}},
 type = {Technical Specification (TS)},
 url = {https://portal.3gpp.org/desktopmodules/Specifications/SpecificationDetails.aspx?specificationId=2441},
 year = {2017}
}

@techreport{3gpp.36.360,
 author = {3GPP},
 day = {22},
 institution = {{3rd Generation Partnership Project (3GPP)}},
 month = {03},
 note = {Version 14.0.0},
 number = {36.360},
 title = {{Evolved Universal Terrestrial Radio Access (E-UTRA); LTE-WLAN Aggregation Adaptation Protocol (LWAAP) specification}},
 type = {Technical Specification (TS)},
 url = {https://portal.3gpp.org/desktopmodules/Specifications/SpecificationDetails.aspx?specificationId=3035},
 year = {2017}
}

@techreport{3gpp.36.361,
 author = {3GPP},
 day = {30},
 institution = {{3rd Generation Partnership Project (3GPP)}},
 month = {12},
 note = {Version 14.0.0},
 number = {36.361},
 title = {{Evolved Universal Terrestrial Radio Access (E-UTRA); LTE-WLAN Radio Level Integration Using Ipsec Tunnel  (LWIP) encapsulation; Protocol specification}},
 type = {Technical Specification (TS)},
 url = {https://portal.3gpp.org/desktopmodules/Specifications/SpecificationDetails.aspx?specificationId=3037},
 year = {2016}
}

@techreport{3gpp.36.401,
 author = {3GPP},
 day = {25},
 institution = {{3rd Generation Partnership Project (3GPP)}},
 month = {03},
 note = {Version 14.0.0},
 number = {36.401},
 title = {{Evolved Universal Terrestrial Radio Access Network (E-UTRAN); Architecture description}},
 type = {Technical Specification (TS)},
 url = {https://portal.3gpp.org/desktopmodules/Specifications/SpecificationDetails.aspx?specificationId=2442},
 year = {2017}
}

@techreport{3gpp.36.410,
 author = {3GPP},
 day = {24},
 institution = {{3rd Generation Partnership Project (3GPP)}},
 month = {03},
 note = {Version 14.0.0},
 number = {36.410},
 title = {{Evolved Universal Terrestrial Radio Access Network (E-UTRAN); S1 general aspects and principles}},
 type = {Technical Specification (TS)},
 url = {https://portal.3gpp.org/desktopmodules/Specifications/SpecificationDetails.aspx?specificationId=2443},
 year = {2017}
}

@techreport{3gpp.36.411,
 author = {3GPP},
 day = {24},
 institution = {{3rd Generation Partnership Project (3GPP)}},
 month = {03},
 note = {Version 14.0.0},
 number = {36.411},
 title = {{Evolved Universal Terrestrial Radio Access Network (E-UTRAN); S1 layer 1}},
 type = {Technical Specification (TS)},
 url = {https://portal.3gpp.org/desktopmodules/Specifications/SpecificationDetails.aspx?specificationId=2444},
 year = {2017}
}

@techreport{3gpp.36.412,
 author = {3GPP},
 day = {24},
 institution = {{3rd Generation Partnership Project (3GPP)}},
 month = {03},
 note = {Version 14.0.0},
 number = {36.412},
 title = {{Evolved Universal Terrestrial Radio Access Network (E-UTRAN); S1 signalling transport}},
 type = {Technical Specification (TS)},
 url = {https://portal.3gpp.org/desktopmodules/Specifications/SpecificationDetails.aspx?specificationId=2445},
 year = {2017}
}

@techreport{3gpp.36.413,
 author = {3GPP},
 day = {27},
 institution = {{3rd Generation Partnership Project (3GPP)}},
 month = {03},
 note = {Version 14.2.0},
 number = {36.413},
 title = {{Evolved Universal Terrestrial Radio Access Network (E-UTRAN); S1 Application Protocol (S1AP)}},
 type = {Technical Specification (TS)},
 url = {https://portal.3gpp.org/desktopmodules/Specifications/SpecificationDetails.aspx?specificationId=2446},
 year = {2017}
}

@techreport{3gpp.36.414,
 author = {3GPP},
 day = {24},
 institution = {{3rd Generation Partnership Project (3GPP)}},
 month = {03},
 note = {Version 14.0.0},
 number = {36.414},
 title = {{Evolved Universal Terrestrial Radio Access Network (E-UTRAN); S1 data transport}},
 type = {Technical Specification (TS)},
 url = {https://portal.3gpp.org/desktopmodules/Specifications/SpecificationDetails.aspx?specificationId=2447},
 year = {2017}
}

@techreport{3gpp.36.420,
 author = {3GPP},
 day = {25},
 institution = {{3rd Generation Partnership Project (3GPP)}},
 month = {03},
 note = {Version 14.0.1},
 number = {36.420},
 title = {{Evolved Universal Terrestrial Radio Access Network (E-UTRAN); X2 general aspects and principles}},
 type = {Technical Specification (TS)},
 url = {https://portal.3gpp.org/desktopmodules/Specifications/SpecificationDetails.aspx?specificationId=2449},
 year = {2017}
}

@techreport{3gpp.36.421,
 author = {3GPP},
 day = {24},
 institution = {{3rd Generation Partnership Project (3GPP)}},
 month = {03},
 note = {Version 14.0.0},
 number = {36.421},
 title = {{Evolved Universal Terrestrial Radio Access Network (E-UTRAN); X2 layer 1}},
 type = {Technical Specification (TS)},
 url = {https://portal.3gpp.org/desktopmodules/Specifications/SpecificationDetails.aspx?specificationId=2450},
 year = {2017}
}

@techreport{3gpp.36.422,
 author = {3GPP},
 day = {24},
 institution = {{3rd Generation Partnership Project (3GPP)}},
 month = {03},
 note = {Version 14.0.0},
 number = {36.422},
 title = {{Evolved Universal Terrestrial Radio Access Network (E-UTRAN); X2 signalling transport}},
 type = {Technical Specification (TS)},
 url = {https://portal.3gpp.org/desktopmodules/Specifications/SpecificationDetails.aspx?specificationId=2451},
 year = {2017}
}

@techreport{3gpp.36.423,
 author = {3GPP},
 day = {27},
 institution = {{3rd Generation Partnership Project (3GPP)}},
 month = {03},
 note = {Version 14.2.0},
 number = {36.423},
 title = {{Evolved Universal Terrestrial Radio Access Network (E-UTRAN); X2 Application Protocol (X2AP)}},
 type = {Technical Specification (TS)},
 url = {https://portal.3gpp.org/desktopmodules/Specifications/SpecificationDetails.aspx?specificationId=2452},
 year = {2017}
}

@techreport{3gpp.36.424,
 author = {3GPP},
 day = {24},
 institution = {{3rd Generation Partnership Project (3GPP)}},
 month = {03},
 note = {Version 14.0.0},
 number = {36.424},
 title = {{Evolved Universal Terrestrial Radio Access Network (E-UTRAN); X2 data transport}},
 type = {Technical Specification (TS)},
 url = {https://portal.3gpp.org/desktopmodules/Specifications/SpecificationDetails.aspx?specificationId=2453},
 year = {2017}
}

@techreport{3gpp.36.425,
 author = {3GPP},
 day = {24},
 institution = {{3rd Generation Partnership Project (3GPP)}},
 month = {03},
 note = {Version 14.0.0},
 number = {36.425},
 title = {{Evolved Universal Terrestrial Radio Access Network (E-UTRAN); X2 interface user plane protocol}},
 type = {Technical Specification (TS)},
 url = {https://portal.3gpp.org/desktopmodules/Specifications/SpecificationDetails.aspx?specificationId=2454},
 year = {2017}
}

@techreport{3gpp.36.440,
 author = {3GPP},
 day = {24},
 institution = {{3rd Generation Partnership Project (3GPP)}},
 month = {03},
 note = {Version 14.0.0},
 number = {36.440},
 title = {{Evolved Universal Terrestrial Radio Access Network (E-UTRAN); General aspects and principles for interfaces supporting Multimedia Broadcast Multicast Service (MBMS) within E-UTRAN}},
 type = {Technical Specification (TS)},
 url = {https://portal.3gpp.org/desktopmodules/Specifications/SpecificationDetails.aspx?specificationId=2455},
 year = {2017}
}

@techreport{3gpp.36.441,
 author = {3GPP},
 day = {24},
 institution = {{3rd Generation Partnership Project (3GPP)}},
 month = {03},
 note = {Version 14.0.0},
 number = {36.441},
 title = {{Evolved Universal Terrestrial Radio Access Network (E-UTRAN); Layer 1 for interfaces supporting Multimedia Broadcast Multicast Service (MBMS) within E-UTRAN}},
 type = {Technical Specification (TS)},
 url = {https://portal.3gpp.org/desktopmodules/Specifications/SpecificationDetails.aspx?specificationId=2456},
 year = {2017}
}

@techreport{3gpp.36.442,
 author = {3GPP},
 day = {24},
 institution = {{3rd Generation Partnership Project (3GPP)}},
 month = {03},
 note = {Version 14.0.0},
 number = {36.442},
 title = {{Evolved Universal Terrestrial Radio Access Network (E-UTRAN); Signalling Transport for interfaces supporting Multimedia Broadcast Multicast Service (MBMS) within E-UTRAN}},
 type = {Technical Specification (TS)},
 url = {https://portal.3gpp.org/desktopmodules/Specifications/SpecificationDetails.aspx?specificationId=2457},
 year = {2017}
}

@techreport{3gpp.36.443,
 author = {3GPP},
 day = {25},
 institution = {{3rd Generation Partnership Project (3GPP)}},
 month = {03},
 note = {Version 14.0.0},
 number = {36.443},
 title = {{Evolved Universal Terrestrial Radio Access Network (E-UTRAN); M2 Application Protocol (M2AP)}},
 type = {Technical Specification (TS)},
 url = {https://portal.3gpp.org/desktopmodules/Specifications/SpecificationDetails.aspx?specificationId=2458},
 year = {2017}
}

@techreport{3gpp.36.444,
 author = {3GPP},
 day = {24},
 institution = {{3rd Generation Partnership Project (3GPP)}},
 month = {03},
 note = {Version 14.0.0},
 number = {36.444},
 title = {{Evolved Universal Terrestrial Radio Access Network (E-UTRAN); M3 Application Protocol (M3AP)}},
 type = {Technical Specification (TS)},
 url = {https://portal.3gpp.org/desktopmodules/Specifications/SpecificationDetails.aspx?specificationId=2459},
 year = {2017}
}

@techreport{3gpp.36.445,
 author = {3GPP},
 day = {24},
 institution = {{3rd Generation Partnership Project (3GPP)}},
 month = {03},
 note = {Version 14.0.0},
 number = {36.445},
 title = {{Evolved Universal Terrestrial Radio Access Network (E-UTRAN); M1 data transport}},
 type = {Technical Specification (TS)},
 url = {https://portal.3gpp.org/desktopmodules/Specifications/SpecificationDetails.aspx?specificationId=2460},
 year = {2017}
}

@techreport{3gpp.36.455,
 author = {3GPP},
 day = {25},
 institution = {{3rd Generation Partnership Project (3GPP)}},
 month = {03},
 note = {Version 14.1.0},
 number = {36.455},
 title = {{Evolved Universal Terrestrial Radio Access (E-UTRA); LTE Positioning Protocol A (LPPa)}},
 type = {Technical Specification (TS)},
 url = {https://portal.3gpp.org/desktopmodules/Specifications/SpecificationDetails.aspx?specificationId=2462},
 year = {2017}
}

@techreport{3gpp.36.456,
 author = {3GPP},
 day = {27},
 institution = {{3rd Generation Partnership Project (3GPP)}},
 month = {03},
 note = {Version 14.0.0},
 number = {36.456},
 title = {{Evolved Universal Terrestrial Radio Access Network (E-UTRAN); SLm interface general aspects and principles}},
 type = {Technical Specification (TS)},
 url = {https://portal.3gpp.org/desktopmodules/Specifications/SpecificationDetails.aspx?specificationId=2463},
 year = {2017}
}

@techreport{3gpp.36.457,
 author = {3GPP},
 day = {24},
 institution = {{3rd Generation Partnership Project (3GPP)}},
 month = {03},
 note = {Version 14.0.0},
 number = {36.457},
 title = {{Evolved Universal Terrestrial Radio Access Network (E-UTRAN); SLm interface layer 1}},
 type = {Technical Specification (TS)},
 url = {https://portal.3gpp.org/desktopmodules/Specifications/SpecificationDetails.aspx?specificationId=2464},
 year = {2017}
}

@techreport{3gpp.36.458,
 author = {3GPP},
 day = {24},
 institution = {{3rd Generation Partnership Project (3GPP)}},
 month = {03},
 note = {Version 14.0.0},
 number = {36.458},
 title = {{Evolved Universal Terrestrial Radio Access Network (E-UTRAN); SLm interface signalling transport}},
 type = {Technical Specification (TS)},
 url = {https://portal.3gpp.org/desktopmodules/Specifications/SpecificationDetails.aspx?specificationId=2465},
 year = {2017}
}

@techreport{3gpp.36.459,
 author = {3GPP},
 day = {27},
 institution = {{3rd Generation Partnership Project (3GPP)}},
 month = {03},
 note = {Version 14.0.0},
 number = {36.459},
 title = {{Evolved Universal Terrestrial Radio Access Network (E-UTRAN); SLm interface Application Protocol (SLmAP)}},
 type = {Technical Specification (TS)},
 url = {https://portal.3gpp.org/desktopmodules/Specifications/SpecificationDetails.aspx?specificationId=2466},
 year = {2017}
}

@techreport{3gpp.36.461,
 author = {3GPP},
 day = {24},
 institution = {{3rd Generation Partnership Project (3GPP)}},
 month = {03},
 note = {Version 14.0.0},
 number = {36.461},
 title = {{Evolved Universal Terrestrial Radio Access Network (E-UTRAN) and Wireless LAN (WLAN); Xw layer 1}},
 type = {Technical Specification (TS)},
 url = {https://portal.3gpp.org/desktopmodules/Specifications/SpecificationDetails.aspx?specificationId=2945},
 year = {2017}
}

@techreport{3gpp.36.462,
 author = {3GPP},
 day = {24},
 institution = {{3rd Generation Partnership Project (3GPP)}},
 month = {03},
 note = {Version 14.0.0},
 number = {36.462},
 title = {{Evolved Universal Terrestrial Radio Access Network (E-UTRAN) and Wireless LAN (WLAN); Xw signalling transport}},
 type = {Technical Specification (TS)},
 url = {https://portal.3gpp.org/desktopmodules/Specifications/SpecificationDetails.aspx?specificationId=2946},
 year = {2017}
}

@techreport{3gpp.36.463,
 author = {3GPP},
 day = {03},
 institution = {{3rd Generation Partnership Project (3GPP)}},
 month = {04},
 note = {Version 14.1.0},
 number = {36.463},
 title = {{Evolved Universal Terrestrial Radio Access Network (E-UTRAN) and Wireless Local Area Network (WLAN); Xw application protocol (XwAP)}},
 type = {Technical Specification (TS)},
 url = {https://portal.3gpp.org/desktopmodules/Specifications/SpecificationDetails.aspx?specificationId=2947},
 year = {2017}
}

@techreport{3gpp.36.464,
 author = {3GPP},
 day = {27},
 institution = {{3rd Generation Partnership Project (3GPP)}},
 month = {03},
 note = {Version 14.0.0},
 number = {36.464},
 title = {{Evolved Universal Terrestrial Radio Access Network (E-UTRAN) and Wireless Local Area Network (WLAN); Xw data transport}},
 type = {Technical Specification (TS)},
 url = {https://portal.3gpp.org/desktopmodules/Specifications/SpecificationDetails.aspx?specificationId=2948},
 year = {2017}
}

@techreport{3gpp.36.465,
 author = {3GPP},
 day = {27},
 institution = {{3rd Generation Partnership Project (3GPP)}},
 month = {03},
 note = {Version 14.0.0},
 number = {36.465},
 title = {{Evolved Universal Terrestrial Radio Access Network (E-UTRAN) and Wireless Local Area Network (WLAN); Xw interface user plane protocol}},
 type = {Technical Specification (TS)},
 url = {https://portal.3gpp.org/desktopmodules/Specifications/SpecificationDetails.aspx?specificationId=2949},
 year = {2017}
}

@techreport{3gpp.36.508,
 author = {3GPP},
 day = {29},
 institution = {{3rd Generation Partnership Project (3GPP)}},
 month = {03},
 note = {Version 14.1.0},
 number = {36.508},
 title = {{Evolved Universal Terrestrial Radio Access (E-UTRA) and Evolved Packet Core (EPC); Common test environments for User Equipment (UE) conformance testing}},
 type = {Technical Specification (TS)},
 url = {https://portal.3gpp.org/desktopmodules/Specifications/SpecificationDetails.aspx?specificationId=2467},
 year = {2017}
}

@techreport{3gpp.36.509,
 author = {3GPP},
 day = {20},
 institution = {{3rd Generation Partnership Project (3GPP)}},
 month = {03},
 note = {Version 13.3.0},
 number = {36.509},
 title = {{Evolved Universal Terrestrial Radio Access (E-UTRA) and Evolved Packet Core (EPC); Special conformance testing functions for User Equipment (UE)}},
 type = {Technical Specification (TS)},
 url = {https://portal.3gpp.org/desktopmodules/Specifications/SpecificationDetails.aspx?specificationId=2468},
 year = {2017}
}

@techreport{3gpp.36.521-1,
 author = {3GPP},
 day = {30},
 institution = {{3rd Generation Partnership Project (3GPP)}},
 month = {03},
 note = {Version 14.2.0},
 number = {36.521-1},
 title = {{Evolved Universal Terrestrial Radio Access (E-UTRA); User Equipment (UE) conformance specification; Radio transmission and reception; Part 1: Conformance testing}},
 type = {Technical Specification (TS)},
 url = {https://portal.3gpp.org/desktopmodules/Specifications/SpecificationDetails.aspx?specificationId=2469},
 year = {2017}
}

@techreport{3gpp.36.521-2,
 author = {3GPP},
 day = {20},
 institution = {{3rd Generation Partnership Project (3GPP)}},
 month = {03},
 note = {Version 14.2.0},
 number = {36.521-2},
 title = {{Evolved Universal Terrestrial Radio Access (E-UTRA); User Equipment (UE) conformance specification; Radio transmission and reception; Part 2: Implementation Conformance Statement (ICS)}},
 type = {Technical Specification (TS)},
 url = {https://portal.3gpp.org/desktopmodules/Specifications/SpecificationDetails.aspx?specificationId=2470},
 year = {2017}
}

@techreport{3gpp.36.521-3,
 author = {3GPP},
 day = {30},
 institution = {{3rd Generation Partnership Project (3GPP)}},
 month = {03},
 note = {Version 14.1.0},
 number = {36.521-3},
 title = {{Evolved Universal Terrestrial Radio Access (E-UTRA); User Equipment (UE) conformance specification; Radio transmission and reception; Part 3: Radio Resource Management (RRM) conformance testing}},
 type = {Technical Specification (TS)},
 url = {https://portal.3gpp.org/desktopmodules/Specifications/SpecificationDetails.aspx?specificationId=2471},
 year = {2017}
}

@techreport{3gpp.36.523-1,
 author = {3GPP},
 day = {19},
 institution = {{3rd Generation Partnership Project (3GPP)}},
 month = {04},
 note = {Version 14.0.1},
 number = {36.523-1},
 title = {{Evolved Universal Terrestrial Radio Access (E-UTRA) and Evolved Packet Core (EPC); User Equipment (UE) conformance specification; Part 1: Protocol conformance specification}},
 type = {Technical Specification (TS)},
 url = {https://portal.3gpp.org/desktopmodules/Specifications/SpecificationDetails.aspx?specificationId=2472},
 year = {2017}
}

@techreport{3gpp.36.523-2,
 author = {3GPP},
 day = {20},
 institution = {{3rd Generation Partnership Project (3GPP)}},
 month = {03},
 note = {Version 14.1.0},
 number = {36.523-2},
 title = {{Evolved Universal Terrestrial Radio Access (E-UTRA) and Evolved Packet Core (EPC); User Equipment (UE) conformance specification; Part 2: Implementation Conformance Statement (ICS) proforma specification}},
 type = {Technical Specification (TS)},
 url = {https://portal.3gpp.org/desktopmodules/Specifications/SpecificationDetails.aspx?specificationId=2473},
 year = {2017}
}

@techreport{3gpp.36.523-3,
 author = {3GPP},
 day = {20},
 institution = {{3rd Generation Partnership Project (3GPP)}},
 month = {03},
 note = {Version 13.2.0},
 number = {36.523-3},
 title = {{Evolved Universal Terrestrial Radio Access (E-UTRA) and Evolved Packet Core (EPC); User Equipment (UE) conformance specification; Part 3: Test suites}},
 type = {Technical Specification (TS)},
 url = {https://portal.3gpp.org/desktopmodules/Specifications/SpecificationDetails.aspx?specificationId=2474},
 year = {2017}
}

@techreport{3gpp.36.714-03-03,
 author = {3GPP},
 day = {31},
 institution = {{3rd Generation Partnership Project (3GPP)}},
 month = {03},
 note = {Version 14.0.0},
 number = {36.714-03-03},
 title = {{Evolved Universal Terrestrial Radio Access (E-UTRA); LTE Advanced inter-band Carrier Aggregation (CA) Rel-14 for 3 Down Link (DL) / 3 Up Link (UL)}},
 type = {Technical Report (TR)},
 url = {https://portal.3gpp.org/desktopmodules/Specifications/SpecificationDetails.aspx?specificationId=3028},
 year = {2017}
}

@techreport{3gpp.36.741,
 author = {3GPP},
 day = {23},
 institution = {{3rd Generation Partnership Project (3GPP)}},
 month = {03},
 note = {Version 14.0.0},
 number = {36.741},
 title = {{Study on further enhancements to Coordinated Multi-Point (CoMP) operation for LTE}},
 type = {Technical Report (TR)},
 url = {https://portal.3gpp.org/desktopmodules/Specifications/SpecificationDetails.aspx?specificationId=3068},
 year = {2017}
}

@techreport{3gpp.36.744,
 author = {3GPP},
 day = {30},
 institution = {{3rd Generation Partnership Project (3GPP)}},
 month = {01},
 note = {Version 14.0.0},
 number = {36.744},
 title = {{Citizens Broadband Radio Service (CBRS) 3.5 GHz band for LTE in the United States}},
 type = {Technical Report (TR)},
 url = {https://portal.3gpp.org/desktopmodules/Specifications/SpecificationDetails.aspx?specificationId=3103},
 year = {2017}
}

@techreport{3gpp.36.745,
 author = {3GPP},
 day = {27},
 institution = {{3rd Generation Partnership Project (3GPP)}},
 month = {02},
 note = {Version 14.0.0},
 number = {36.745},
 title = {{Feasibility study on global application of LTE Band 11 and of LTE Band 21 User Equipments (UEs)}},
 type = {Technical Report (TR)},
 url = {https://portal.3gpp.org/desktopmodules/Specifications/SpecificationDetails.aspx?specificationId=3106},
 year = {2017}
}

@techreport{3gpp.36.749,
 author = {3GPP},
 day = {13},
 institution = {{3rd Generation Partnership Project (3GPP)}},
 month = {07},
 note = {Version 14.0.0},
 number = {36.749},
 title = {{Evolved Universal Terrestrial Radio Access (E-UTRA); New AWS Band for LTE}},
 type = {Technical Report (TR)},
 url = {https://portal.3gpp.org/desktopmodules/Specifications/SpecificationDetails.aspx?specificationId=3029},
 year = {2016}
}

@techreport{3gpp.36.750,
 author = {3GPP},
 day = {23},
 institution = {{3rd Generation Partnership Project (3GPP)}},
 month = {03},
 note = {Version 14.1.0},
 number = {36.750},
 title = {{Study on Voice and Video Enhancement for LTE}},
 type = {Technical Report (TR)},
 url = {https://portal.3gpp.org/desktopmodules/Specifications/SpecificationDetails.aspx?specificationId=3067},
 year = {2017}
}

@techreport{3gpp.36.752,
 author = {3GPP},
 day = {30},
 institution = {{3rd Generation Partnership Project (3GPP)}},
 month = {01},
 note = {Version 14.0.0},
 number = {36.752},
 title = {{Study of Narrow-Band Internet of Things (NB-IoT) Radio Frequency (RF) requirement to co-existence with Code Division Multiple Access (CDMA)}},
 type = {Technical Report (TR)},
 url = {https://portal.3gpp.org/desktopmodules/Specifications/SpecificationDetails.aspx?specificationId=3105},
 year = {2017}
}

@techreport{3gpp.36.785,
 author = {3GPP},
 day = {12},
 institution = {{3rd Generation Partnership Project (3GPP)}},
 month = {10},
 note = {Version 14.0.0},
 number = {36.785},
 title = {{Vehicle to Vehicle (V2V) services based on LTE sidelink; User Equipment (UE) radio transmission and reception}},
 type = {Technical Report (TR)},
 url = {https://portal.3gpp.org/desktopmodules/Specifications/SpecificationDetails.aspx?specificationId=3063},
 year = {2016}
}

@techreport{3gpp.36.786,
 author = {3GPP},
 day = {31},
 institution = {{3rd Generation Partnership Project (3GPP)}},
 month = {03},
 note = {Version 14.0.0},
 number = {36.786},
 title = {{Vehicle-to-Everything (V2X) services based on LTE; User Equipment (UE) radio transmission and reception}},
 type = {Technical Report (TR)},
 url = {https://portal.3gpp.org/desktopmodules/Specifications/SpecificationDetails.aspx?specificationId=3104},
 year = {2017}
}

@techreport{3gpp.36.800,
 author = {3GPP},
 day = {30},
 institution = {{3rd Generation Partnership Project (3GPP)}},
 month = {09},
 note = {Version 9.0.0},
 number = {36.800},
 title = {{Universal Terrestrial Radio Access (UTRA) and Evolved Universal Terrestrial Radio Access (E-UTRA); Extended UMTS / LTE 800 Work Item Technical Report}},
 type = {Technical Report (TR)},
 url = {https://portal.3gpp.org/desktopmodules/Specifications/SpecificationDetails.aspx?specificationId=2480},
 year = {2009}
}

@techreport{3gpp.36.802,
 author = {3GPP},
 day = {02},
 institution = {{3rd Generation Partnership Project (3GPP)}},
 month = {07},
 note = {Version 13.0.0},
 number = {36.802},
 title = {{Evolved Universal Terrestrial Radio Access (E-UTRA); NB-IOT; Technical Report for BS and UE radio transmission and reception}},
 type = {Technical Report (TR)},
 url = {https://portal.3gpp.org/desktopmodules/Specifications/SpecificationDetails.aspx?specificationId=3033},
 year = {2016}
}

@techreport{3gpp.36.805,
 author = {3GPP},
 day = {05},
 institution = {{3rd Generation Partnership Project (3GPP)}},
 month = {01},
 note = {Version 9.0.0},
 number = {36.805},
 title = {{Evolved Universal Terrestrial Radio Access (E-UTRA); Study on minimization of drive-tests in next generation networks}},
 type = {Technical Report (TR)},
 url = {https://portal.3gpp.org/desktopmodules/Specifications/SpecificationDetails.aspx?specificationId=2484},
 year = {2010}
}

@techreport{3gpp.36.806,
 author = {3GPP},
 day = {21},
 institution = {{3rd Generation Partnership Project (3GPP)}},
 month = {04},
 note = {Version 9.0.0},
 number = {36.806},
 title = {{Evolved Universal Terrestrial Radio Access (E-UTRA); Relay architectures for E-UTRA (LTE-Advanced)}},
 type = {Technical Report (TR)},
 url = {https://portal.3gpp.org/desktopmodules/Specifications/SpecificationDetails.aspx?specificationId=2485},
 year = {2010}
}

@techreport{3gpp.36.807,
 author = {3GPP},
 day = {13},
 institution = {{3rd Generation Partnership Project (3GPP)}},
 month = {07},
 note = {Version 10.0.0},
 number = {36.807},
 title = {{Evolved Universal Terrestrial Radio Access (E-UTRA); User Equipment (UE) radio transmission and reception}},
 type = {Technical Report (TR)},
 url = {https://portal.3gpp.org/desktopmodules/Specifications/SpecificationDetails.aspx?specificationId=2486},
 year = {2012}
}

@techreport{3gpp.36.808,
 author = {3GPP},
 day = {08},
 institution = {{3rd Generation Partnership Project (3GPP)}},
 month = {07},
 note = {Version 10.1.0},
 number = {36.808},
 title = {{Evolved Universal Terrestrial Radio Access (E-UTRA); Carrier Aggregation; Base Station (BS) radio transmission and reception}},
 type = {Technical Report (TR)},
 url = {https://portal.3gpp.org/desktopmodules/Specifications/SpecificationDetails.aspx?specificationId=2487},
 year = {2013}
}

@techreport{3gpp.36.809,
 author = {3GPP},
 day = {28},
 institution = {{3rd Generation Partnership Project (3GPP)}},
 month = {09},
 note = {Version 12.0.0},
 number = {36.809},
 title = {{Radio Frequency (RF) pattern matching location method in LTE}},
 type = {Technical Report (TR)},
 url = {https://portal.3gpp.org/desktopmodules/Specifications/SpecificationDetails.aspx?specificationId=2488},
 year = {2013}
}

@techreport{3gpp.36.810,
 author = {3GPP},
 day = {04},
 institution = {{3rd Generation Partnership Project (3GPP)}},
 month = {04},
 note = {Version 9.0.0},
 number = {36.810},
 title = {{Universal Terrestrial Radio Access (UTRA) and Evolved Universal Terrestrial Radio Access (E-UTRA); UMTS / LTE in 800 MHz for Europe}},
 type = {Technical Report (TR)},
 url = {https://portal.3gpp.org/desktopmodules/Specifications/SpecificationDetails.aspx?specificationId=2489},
 year = {2010}
}

@techreport{3gpp.36.811,
 author = {3GPP},
 day = {01},
 institution = {{3rd Generation Partnership Project (3GPP)}},
 month = {07},
 note = {Version 10.0.0},
 number = {36.811},
 title = {{Evolved Universal Terrestrial Radio Access (E-UTRA); Adding 2 GHz band LTE Frequency Division Duplex (FDD) (Band 23) for Ancillary Terrestrial Component (ATC) of Mobile Satellite Services (MSS)  in North America}},
 type = {Technical Report (TR)},
 url = {https://portal.3gpp.org/desktopmodules/Specifications/SpecificationDetails.aspx?specificationId=2490},
 year = {2011}
}

@techreport{3gpp.36.812,
 author = {3GPP},
 day = {07},
 institution = {{3rd Generation Partnership Project (3GPP)}},
 month = {01},
 note = {Version 10.1.0},
 number = {36.812},
 title = {{Evolved Universal Terrestrial Radio Access (E-UTRA); LTE TDD 2600MHz in US work item Technical Report}},
 type = {Technical Report (TR)},
 url = {https://portal.3gpp.org/desktopmodules/Specifications/SpecificationDetails.aspx?specificationId=2491},
 year = {2011}
}

@techreport{3gpp.36.813,
 author = {3GPP},
 day = {12},
 institution = {{3rd Generation Partnership Project (3GPP)}},
 month = {04},
 note = {Version 10.1.0},
 number = {36.813},
 title = {{Evolved Universal Terrestrial Radio Access (E-UTRA); LTE L-Band Technical Report}},
 type = {Technical Report (TR)},
 url = {https://portal.3gpp.org/desktopmodules/Specifications/SpecificationDetails.aspx?specificationId=2492},
 year = {2011}
}

@techreport{3gpp.36.814,
 author = {3GPP},
 day = {25},
 institution = {{3rd Generation Partnership Project (3GPP)}},
 month = {03},
 note = {Version 9.2.0},
 number = {36.814},
 title = {{Evolved Universal Terrestrial Radio Access (E-UTRA); Further advancements for E-UTRA physical layer aspects}},
 type = {Technical Report (TR)},
 url = {https://portal.3gpp.org/desktopmodules/Specifications/SpecificationDetails.aspx?specificationId=2493},
 year = {2017}
}

@techreport{3gpp.36.815,
 author = {3GPP},
 day = {21},
 institution = {{3rd Generation Partnership Project (3GPP)}},
 month = {06},
 note = {Version 9.1.0},
 number = {36.815},
 title = {{Further Advancements for E-UTRA;  LTE-Advanced feasibility studies in RAN WG4}},
 type = {Technical Report (TR)},
 url = {https://portal.3gpp.org/desktopmodules/Specifications/SpecificationDetails.aspx?specificationId=2494},
 year = {2010}
}

@techreport{3gpp.36.816,
 author = {3GPP},
 day = {03},
 institution = {{3rd Generation Partnership Project (3GPP)}},
 month = {01},
 note = {Version 11.2.0},
 number = {36.816},
 title = {{Evolved Universal Terrestrial Radio Access (E-UTRA); Study on signalling and procedure for interference avoidance for in-device coexistence}},
 type = {Technical Report (TR)},
 url = {https://portal.3gpp.org/desktopmodules/Specifications/SpecificationDetails.aspx?specificationId=2495},
 year = {2012}
}

@techreport{3gpp.36.817,
 author = {3GPP},
 day = {01},
 institution = {{3rd Generation Partnership Project (3GPP)}},
 month = {07},
 note = {Version 10.0.0},
 number = {36.817},
 title = {{Evolved Universal Terrestrial Radio Access (E-UTRA); Uplink multiple antenna transmission; Base Station (BS) radio transmission and reception}},
 type = {Technical Report (TR)},
 url = {https://portal.3gpp.org/desktopmodules/Specifications/SpecificationDetails.aspx?specificationId=2496},
 year = {2011}
}

@techreport{3gpp.36.819,
 author = {3GPP},
 day = {20},
 institution = {{3rd Generation Partnership Project (3GPP)}},
 month = {09},
 note = {Version 11.2.0},
 number = {36.819},
 title = {{Coordinated multi-point operation for LTE physical layer aspects}},
 type = {Technical Report (TR)},
 url = {https://portal.3gpp.org/desktopmodules/Specifications/SpecificationDetails.aspx?specificationId=2498},
 year = {2013}
}

@techreport{3gpp.36.820,
 author = {3GPP},
 day = {08},
 institution = {{3rd Generation Partnership Project (3GPP)}},
 month = {01},
 note = {Version 11.2.0},
 number = {36.820},
 title = {{LTE for 700 MHz digital dividend}},
 type = {Technical Report (TR)},
 url = {https://portal.3gpp.org/desktopmodules/Specifications/SpecificationDetails.aspx?specificationId=2499},
 year = {2013}
}

@techreport{3gpp.36.821,
 author = {3GPP},
 day = {30},
 institution = {{3rd Generation Partnership Project (3GPP)}},
 month = {03},
 note = {Version 9.1.0},
 number = {36.821},
 title = {{Extended UMTS/LTE 1500 work item technical report}},
 type = {Technical Report (TR)},
 url = {https://portal.3gpp.org/desktopmodules/Specifications/SpecificationDetails.aspx?specificationId=2500},
 year = {2010}
}

@techreport{3gpp.36.822,
 author = {3GPP},
 day = {19},
 institution = {{3rd Generation Partnership Project (3GPP)}},
 month = {09},
 note = {Version 11.0.0},
 number = {36.822},
 title = {{LTE Radio Access Network (RAN) enhancements for diverse data applications}},
 type = {Technical Report (TR)},
 url = {https://portal.3gpp.org/desktopmodules/Specifications/SpecificationDetails.aspx?specificationId=2501},
 year = {2012}
}

@techreport{3gpp.36.823,
 author = {3GPP},
 day = {27},
 institution = {{3rd Generation Partnership Project (3GPP)}},
 month = {11},
 note = {Version 11.0.1},
 number = {36.823},
 title = {{Evolved Universal Terrestrial Radio Access (E-UTRA); Carrier aggregation enhancements; User Equipment (UE) and Base Station (BS) radio transmission and reception}},
 type = {Technical Report (TR)},
 url = {https://portal.3gpp.org/desktopmodules/Specifications/SpecificationDetails.aspx?specificationId=2502},
 year = {2013}
}

@techreport{3gpp.36.824,
 author = {3GPP},
 day = {26},
 institution = {{3rd Generation Partnership Project (3GPP)}},
 month = {06},
 note = {Version 11.0.0},
 number = {36.824},
 title = {{Evolved Universal Terrestrial Radio Access (E-UTRA); LTE coverage enhancements}},
 type = {Technical Report (TR)},
 url = {https://portal.3gpp.org/desktopmodules/Specifications/SpecificationDetails.aspx?specificationId=2503},
 year = {2012}
}

@techreport{3gpp.36.825,
 author = {3GPP},
 day = {28},
 institution = {{3rd Generation Partnership Project (3GPP)}},
 month = {09},
 note = {Version 13.0.0},
 number = {36.825},
 title = {{Feasibility study on possible additional configuration for LTE TDD}},
 type = {Technical Report (TR)},
 url = {https://portal.3gpp.org/desktopmodules/Specifications/SpecificationDetails.aspx?specificationId=2504},
 year = {2015}
}

@techreport{3gpp.36.826,
 author = {3GPP},
 day = {08},
 institution = {{3rd Generation Partnership Project (3GPP)}},
 month = {07},
 note = {Version 11.3.0},
 number = {36.826},
 title = {{Evolved Universal Terrestrial Radio Access (E-UTRA); Relay radio transmission and reception}},
 type = {Technical Report (TR)},
 url = {https://portal.3gpp.org/desktopmodules/Specifications/SpecificationDetails.aspx?specificationId=2505},
 year = {2013}
}

@techreport{3gpp.36.828,
 author = {3GPP},
 day = {26},
 institution = {{3rd Generation Partnership Project (3GPP)}},
 month = {06},
 note = {Version 11.0.0},
 number = {36.828},
 title = {{Evolved Universal Terrestrial Radio Access (E-UTRA); Further enhancements to LTE Time Division Duplex (TDD)  for Downlink-Uplink (DL-UL) interference management and traffic adaptation}},
 type = {Technical Report (TR)},
 url = {https://portal.3gpp.org/desktopmodules/Specifications/SpecificationDetails.aspx?specificationId=2507},
 year = {2012}
}

@techreport{3gpp.36.829,
 author = {3GPP},
 day = {08},
 institution = {{3rd Generation Partnership Project (3GPP)}},
 month = {01},
 note = {Version 11.1.0},
 number = {36.829},
 title = {{Enhanced performance requirement for LTE User Equipment (UE)}},
 type = {Technical Report (TR)},
 url = {https://portal.3gpp.org/desktopmodules/Specifications/SpecificationDetails.aspx?specificationId=2508},
 year = {2013}
}

@techreport{3gpp.36.833-1-03,
 author = {3GPP},
 day = {28},
 institution = {{3rd Generation Partnership Project (3GPP)}},
 month = {09},
 note = {Version 12.0.0},
 number = {36.833-1-03},
 title = {{Evolved Universal Terrestrial Radio Access (E-UTRA); LTE-Advanced intra-band contiguous Carrier Aggregation (CA) in Band 3}},
 type = {Technical Report (TR)},
 url = {https://portal.3gpp.org/desktopmodules/Specifications/SpecificationDetails.aspx?specificationId=2513},
 year = {2013}
}

@techreport{3gpp.36.833-1-07,
 author = {3GPP},
 day = {05},
 institution = {{3rd Generation Partnership Project (3GPP)}},
 month = {08},
 note = {Version 11.0.0},
 number = {36.833-1-07},
 title = {{Evolved Universal Terrestrial Radio Access (E-UTRA); LTE-Advanced intra-band contiguous Carrier Aggregation (CA) in Band 7}},
 type = {Technical Report (TR)},
 url = {https://portal.3gpp.org/desktopmodules/Specifications/SpecificationDetails.aspx?specificationId=2514},
 year = {2013}
}

@techreport{3gpp.36.833-1-23,
 author = {3GPP},
 day = {06},
 institution = {{3rd Generation Partnership Project (3GPP)}},
 month = {01},
 note = {Version 12.0.0},
 number = {36.833-1-23},
 title = {{Evolved Universal Terrestrial Radio Access (E-UTRA); LTE-Advanced intra-band contiguous Carrier Aggregation (CA) in Band 23}},
 type = {Technical Report (TR)},
 url = {https://portal.3gpp.org/desktopmodules/Specifications/SpecificationDetails.aspx?specificationId=2515},
 year = {2014}
}

@techreport{3gpp.36.833-1-27,
 author = {3GPP},
 day = {04},
 institution = {{3rd Generation Partnership Project (3GPP)}},
 month = {07},
 note = {Version 12.0.0},
 number = {36.833-1-27},
 title = {{Evolved Universal Terrestrial Radio Access (E-UTRA); LTE-Advanced intra-band contiguous Carrier Aggregation (CA) in Band 27}},
 type = {Technical Report (TR)},
 url = {https://portal.3gpp.org/desktopmodules/Specifications/SpecificationDetails.aspx?specificationId=2516},
 year = {2014}
}

@techreport{3gpp.36.833-1-38,
 author = {3GPP},
 day = {05},
 institution = {{3rd Generation Partnership Project (3GPP)}},
 month = {08},
 note = {Version 11.1.0},
 number = {36.833-1-38},
 title = {{Evolved Universal Terrestrial Radio Access (E-UTRA); LTE-Advanced intra-band contiguous Carrier Aggregation (CA) in Band 38}},
 type = {Technical Report (TR)},
 url = {https://portal.3gpp.org/desktopmodules/Specifications/SpecificationDetails.aspx?specificationId=2517},
 year = {2013}
}

@techreport{3gpp.36.833-1-39,
 author = {3GPP},
 day = {27},
 institution = {{3rd Generation Partnership Project (3GPP)}},
 month = {03},
 note = {Version 12.0.0},
 number = {36.833-1-39},
 title = {{Evolved Universal Terrestrial Radio Access (E-UTRA); LTE-Advanced intra-band contiguous Carrier Aggregation (CA) in Band 39}},
 type = {Technical Report (TR)},
 url = {https://portal.3gpp.org/desktopmodules/Specifications/SpecificationDetails.aspx?specificationId=2518},
 year = {2014}
}

@techreport{3gpp.36.833-1-41,
 author = {3GPP},
 day = {05},
 institution = {{3rd Generation Partnership Project (3GPP)}},
 month = {08},
 note = {Version 11.0.0},
 number = {36.833-1-41},
 title = {{Evolved Universal Terrestrial Radio Access (E-UTRA); LTE-Advanced intra-band contiguous Carrier Aggregation (CA) in Band 41}},
 type = {Technical Report (TR)},
 url = {https://portal.3gpp.org/desktopmodules/Specifications/SpecificationDetails.aspx?specificationId=2519},
 year = {2013}
}

@techreport{3gpp.36.833-1-42,
 author = {3GPP},
 day = {04},
 institution = {{3rd Generation Partnership Project (3GPP)}},
 month = {07},
 note = {Version 12.0.0},
 number = {36.833-1-42},
 title = {{Evolved Universal Terrestrial Radio Access (E-UTRA); LTE-Advanced intra-band contiguous Carrier Aggregation (CA) in Band 42}},
 type = {Technical Report (TR)},
 url = {https://portal.3gpp.org/desktopmodules/Specifications/SpecificationDetails.aspx?specificationId=2520},
 year = {2014}
}

@techreport{3gpp.36.833-2-02,
 author = {3GPP},
 day = {04},
 institution = {{3rd Generation Partnership Project (3GPP)}},
 month = {07},
 note = {Version 12.0.0},
 number = {36.833-2-02},
 title = {{Evolved Universal Terrestrial Radio Access (E-UTRA); LTE-Advanced intra-band non-contiguous Carrier Aggregation (CA) in Band 2}},
 type = {Technical Report (TR)},
 url = {https://portal.3gpp.org/desktopmodules/Specifications/SpecificationDetails.aspx?specificationId=2521},
 year = {2014}
}

@techreport{3gpp.36.833-2-03,
 author = {3GPP},
 day = {27},
 institution = {{3rd Generation Partnership Project (3GPP)}},
 month = {03},
 note = {Version 12.0.0},
 number = {36.833-2-03},
 title = {{Evolved Universal Terrestrial Radio Access (E-UTRA); LTE-Advanced intra-band non-contiguous Carrier Aggregation (CA) in Band 3}},
 type = {Technical Report (TR)},
 url = {https://portal.3gpp.org/desktopmodules/Specifications/SpecificationDetails.aspx?specificationId=2522},
 year = {2014}
}

@techreport{3gpp.36.833-2-04,
 author = {3GPP},
 day = {28},
 institution = {{3rd Generation Partnership Project (3GPP)}},
 month = {09},
 note = {Version 12.0.0},
 number = {36.833-2-04},
 title = {{Evolved Universal Terrestrial Radio Access (E-UTRA); LTE-Advanced intra-band non-contiguous Carrier Aggregation (CA) in Band 4}},
 type = {Technical Report (TR)},
 url = {https://portal.3gpp.org/desktopmodules/Specifications/SpecificationDetails.aspx?specificationId=2523},
 year = {2013}
}

@techreport{3gpp.36.833-2-07,
 author = {3GPP},
 day = {08},
 institution = {{3rd Generation Partnership Project (3GPP)}},
 month = {01},
 note = {Version 12.2.0},
 number = {36.833-2-07},
 title = {{Evolved Universal Terrestrial Radio Access (E-UTRA); LTE-Advanced intra-band non-contiguous Carrier Aggregation (CA) in Band 7}},
 type = {Technical Report (TR)},
 url = {https://portal.3gpp.org/desktopmodules/Specifications/SpecificationDetails.aspx?specificationId=2524},
 year = {2016}
}

@techreport{3gpp.36.833-2-23,
 author = {3GPP},
 day = {07},
 institution = {{3rd Generation Partnership Project (3GPP)}},
 month = {07},
 note = {Version 12.0.0},
 number = {36.833-2-23},
 title = {{Evolved Universal Terrestrial Radio Access (E-UTRA); LTE-Advanced intra-band non-contiguous Carrier Aggregation (CA) in Band 23}},
 type = {Technical Report (TR)},
 url = {https://portal.3gpp.org/desktopmodules/Specifications/SpecificationDetails.aspx?specificationId=2525},
 year = {2014}
}

@techreport{3gpp.36.833-2-25,
 author = {3GPP},
 day = {03},
 institution = {{3rd Generation Partnership Project (3GPP)}},
 month = {10},
 note = {Version 12.1.0},
 number = {36.833-2-25},
 title = {{Evolved Universal Terrestrial Radio Access (E-UTRA); LTE-Advanced intra-band non-contiguous Carrier Aggregation (CA) in Band 25}},
 type = {Technical Report (TR)},
 url = {https://portal.3gpp.org/desktopmodules/Specifications/SpecificationDetails.aspx?specificationId=2526},
 year = {2014}
}

@techreport{3gpp.36.833-2-42,
 author = {3GPP},
 day = {04},
 institution = {{3rd Generation Partnership Project (3GPP)}},
 month = {07},
 note = {Version 12.0.0},
 number = {36.833-2-42},
 title = {{Evolved Universal Terrestrial Radio Access (E-UTRA); LTE-Advanced intra-band non-contiguous Carrier Aggregation (CA) in Band 42}},
 type = {Technical Report (TR)},
 url = {https://portal.3gpp.org/desktopmodules/Specifications/SpecificationDetails.aspx?specificationId=2527},
 year = {2014}
}

@techreport{3gpp.36.833-4,
 author = {3GPP},
 day = {06},
 institution = {{3rd Generation Partnership Project (3GPP)}},
 month = {01},
 note = {Version 12.0.0},
 number = {36.833-4},
 title = {{Evolved Universal Terrestrial Radio Access (E-UTRA); LTE-Advanced intra-band non-contiguous Carrier Aggregation (CA) for 2 uplinks (2UL); Framework}},
 type = {Technical Report (TR)},
 url = {https://portal.3gpp.org/desktopmodules/Specifications/SpecificationDetails.aspx?specificationId=2528},
 year = {2015}
}

@techreport{3gpp.36.833-4-04,
 author = {3GPP},
 day = {07},
 institution = {{3rd Generation Partnership Project (3GPP)}},
 month = {01},
 note = {Version 12.0.0},
 number = {36.833-4-04},
 title = {{Evolved Universal Terrestrial Radio Access (E-UTRA); LTE-Advanced intra-band non-contiguous Carrier Aggregation (CA) in Band 4 for 2 uplinks (2UL)}},
 type = {Technical Report (TR)},
 url = {https://portal.3gpp.org/desktopmodules/Specifications/SpecificationDetails.aspx?specificationId=2529},
 year = {2015}
}

@techreport{3gpp.36.833-5-40,
 author = {3GPP},
 day = {04},
 institution = {{3rd Generation Partnership Project (3GPP)}},
 month = {07},
 note = {Version 12.0.0},
 number = {36.833-5-40},
 title = {{Evolved Universal Terrestrial Radio Access (E-UTRA); LTE-Advanced intra-band contiguous Carrier Aggregation (CA) in Band 40 for 3 downlinks (3DL)}},
 type = {Technical Report (TR)},
 url = {https://portal.3gpp.org/desktopmodules/Specifications/SpecificationDetails.aspx?specificationId=2530},
 year = {2014}
}

@techreport{3gpp.36.833-5-41,
 author = {3GPP},
 day = {28},
 institution = {{3rd Generation Partnership Project (3GPP)}},
 month = {03},
 note = {Version 12.0.0},
 number = {36.833-5-41},
 title = {{Evolved Universal Terrestrial Radio Access (E-UTRA); LTE-Advanced intra-band contiguous Carrier Aggregation (CA) in Band 41 for 3 downlinks (3DL)}},
 type = {Technical Report (TR)},
 url = {https://portal.3gpp.org/desktopmodules/Specifications/SpecificationDetails.aspx?specificationId=2531},
 year = {2015}
}

@techreport{3gpp.36.833-5-42,
 author = {3GPP},
 day = {03},
 institution = {{3rd Generation Partnership Project (3GPP)}},
 month = {07},
 note = {Version 13.0.0},
 number = {36.833-5-42},
 title = {{Evolved Universal Terrestrial Radio Access (E-UTRA); LTE-Advanced intra-band contiguous Carrier Aggregation (CA) in Band 42 for 3 downlinks (3DL)}},
 type = {Technical Report (TR)},
 url = {https://portal.3gpp.org/desktopmodules/Specifications/SpecificationDetails.aspx?specificationId=2532},
 year = {2015}
}

@techreport{3gpp.36.833-6-41,
 author = {3GPP},
 day = {28},
 institution = {{3rd Generation Partnership Project (3GPP)}},
 month = {03},
 note = {Version 12.0.0},
 number = {36.833-6-41},
 title = {{Evolved Universal Terrestrial Radio Access (E-UTRA); LTE-Advanced intra-band non-contiguous Carrier Aggregation (CA) in Band 41 for 3 downlinks (3DL)}},
 type = {Technical Report (TR)},
 url = {https://portal.3gpp.org/desktopmodules/Specifications/SpecificationDetails.aspx?specificationId=2533},
 year = {2015}
}

@techreport{3gpp.36.833-6-42,
 author = {3GPP},
 day = {03},
 institution = {{3rd Generation Partnership Project (3GPP)}},
 month = {07},
 note = {Version 13.0.0},
 number = {36.833-6-42},
 title = {{Evolved Universal Terrestrial Radio Access (E-UTRA); LTE-Advanced intra-band non-contiguous Carrier Aggregation (CA) in Band 42 for 3 downlinks (3DL)}},
 type = {Technical Report (TR)},
 url = {https://portal.3gpp.org/desktopmodules/Specifications/SpecificationDetails.aspx?specificationId=2920},
 year = {2015}
}

@techreport{3gpp.36.833-7-42,
 author = {3GPP},
 day = {08},
 institution = {{3rd Generation Partnership Project (3GPP)}},
 month = {01},
 note = {Version 13.0.0},
 number = {36.833-7-42},
 title = {{Evolved Universal Terrestrial Radio Access (E-UTRA); LTE-Advanced intra-band contiguous Carrier Aggregation (CA) in Band 42 for 4 downlinks (4DL)}},
 type = {Technical Report (TR)},
 url = {https://portal.3gpp.org/desktopmodules/Specifications/SpecificationDetails.aspx?specificationId=2919},
 year = {2016}
}

@techreport{3gpp.36.833-8-41,
 author = {3GPP},
 day = {08},
 institution = {{3rd Generation Partnership Project (3GPP)}},
 month = {01},
 note = {Version 13.0.0},
 number = {36.833-8-41},
 title = {{Evolved Universal Terrestrial Radio Access (E-UTRA); LTE-Advanced intra-band non-contiguous Carrier Aggregation (CA) in Band 41 for 4 downlinks (4DL)}},
 type = {Technical Report (TR)},
 url = {https://portal.3gpp.org/desktopmodules/Specifications/SpecificationDetails.aspx?specificationId=2534},
 year = {2016}
}

@techreport{3gpp.36.836,
 author = {3GPP},
 institution = {{3rd Generation Partnership Project (3GPP)}},
 note = {Version 12.0.0},
 number = {36.836},
 title = {{Evolved Universal Terrestrial Radio Access (E-UTRA); Study on mobile relay}},
 type = {Technical Report (TR)},
 url = {https://portal.3gpp.org/desktopmodules/Specifications/SpecificationDetails.aspx?specificationId=2537}
}

@techreport{3gpp.36.837,
 author = {3GPP},
 day = {15},
 institution = {{3rd Generation Partnership Project (3GPP)}},
 month = {01},
 note = {Version 11.0.0},
 number = {36.837},
 title = {{Public safety broadband high power User Equipment (UE) for band 14}},
 type = {Technical Report (TR)},
 url = {https://portal.3gpp.org/desktopmodules/Specifications/SpecificationDetails.aspx?specificationId=2538},
 year = {2013}
}

@techreport{3gpp.36.839,
 author = {3GPP},
 day = {07},
 institution = {{3rd Generation Partnership Project (3GPP)}},
 month = {01},
 note = {Version 11.1.0},
 number = {36.839},
 title = {{Evolved Universal Terrestrial Radio Access (E-UTRA); Mobility enhancements in heterogeneous networks}},
 type = {Technical Report (TR)},
 url = {https://portal.3gpp.org/desktopmodules/Specifications/SpecificationDetails.aspx?specificationId=2540},
 year = {2013}
}

@techreport{3gpp.36.840,
 author = {3GPP},
 day = {27},
 institution = {{3rd Generation Partnership Project (3GPP)}},
 month = {09},
 note = {Version 12.1.0},
 number = {36.840},
 title = {{LTE 450 MHz in Brazil Work Item Technical Report}},
 type = {Technical Report (TR)},
 url = {https://portal.3gpp.org/desktopmodules/Specifications/SpecificationDetails.aspx?specificationId=2541},
 year = {2013}
}

@techreport{3gpp.36.842,
 author = {3GPP},
 day = {07},
 institution = {{3rd Generation Partnership Project (3GPP)}},
 month = {01},
 note = {Version 12.0.0},
 number = {36.842},
 title = {{Study on Small Cell enhancements for E-UTRA and E-UTRAN; Higher layer aspects}},
 type = {Technical Report (TR)},
 url = {https://portal.3gpp.org/desktopmodules/Specifications/SpecificationDetails.aspx?specificationId=2543},
 year = {2014}
}

@techreport{3gpp.36.843,
 author = {3GPP},
 day = {27},
 institution = {{3rd Generation Partnership Project (3GPP)}},
 month = {03},
 note = {Version 12.0.1},
 number = {36.843},
 title = {{Study on LTE device  to device proximity services; Radio aspects}},
 type = {Technical Report (TR)},
 url = {https://portal.3gpp.org/desktopmodules/Specifications/SpecificationDetails.aspx?specificationId=2544},
 year = {2014}
}

@techreport{3gpp.36.844,
 author = {3GPP},
 day = {28},
 institution = {{3rd Generation Partnership Project (3GPP)}},
 month = {03},
 note = {Version 13.2.0},
 number = {36.844},
 title = {{Study on expansion of LTE in the 1670-1675 MHz Band for the United States to include 1670-1680 MHz Band}},
 type = {Technical Report (TR)},
 url = {https://portal.3gpp.org/desktopmodules/Specifications/SpecificationDetails.aspx?specificationId=2545},
 year = {2015}
}

@techreport{3gpp.36.846,
 author = {3GPP},
 day = {08},
 institution = {{3rd Generation Partnership Project (3GPP)}},
 month = {07},
 note = {Version 12.0.0},
 number = {36.846},
 title = {{LTE in the US Wireless Communications Service (WCS) band}},
 type = {Technical Report (TR)},
 url = {https://portal.3gpp.org/desktopmodules/Specifications/SpecificationDetails.aspx?specificationId=2547},
 year = {2013}
}

@techreport{3gpp.36.847,
 author = {3GPP},
 day = {20},
 institution = {{3rd Generation Partnership Project (3GPP)}},
 month = {12},
 note = {Version 12.0.0},
 number = {36.847},
 title = {{Study on LTE Time Division Duplex (TDD) - Frequency Division Duplex (FDD) joint operation including Carrier Aggregation (CA)}},
 type = {Technical Report (TR)},
 url = {https://portal.3gpp.org/desktopmodules/Specifications/SpecificationDetails.aspx?specificationId=2548},
 year = {2013}
}

@techreport{3gpp.36.848,
 author = {3GPP},
 day = {19},
 institution = {{3rd Generation Partnership Project (3GPP)}},
 month = {03},
 note = {Version 12.0.0},
 number = {36.848},
 title = {{Evolved Universal Terrestrial Radio Access Network (E-UTRAN); Study on smart congestion mitigation}},
 type = {Technical Report (TR)},
 url = {https://portal.3gpp.org/desktopmodules/Specifications/SpecificationDetails.aspx?specificationId=2549},
 year = {2014}
}

@techreport{3gpp.36.849,
 author = {3GPP},
 day = {13},
 institution = {{3rd Generation Partnership Project (3GPP)}},
 month = {01},
 note = {Version 13.0.0},
 number = {36.849},
 title = {{Study on Advanced Wireless Services (AWS) extension band for LTE}},
 type = {Technical Report (TR)},
 url = {https://portal.3gpp.org/desktopmodules/Specifications/SpecificationDetails.aspx?specificationId=2550},
 year = {2015}
}

@techreport{3gpp.36.850,
 author = {3GPP},
 day = {28},
 institution = {{3rd Generation Partnership Project (3GPP)}},
 month = {03},
 note = {Version 11.2.0},
 number = {36.850},
 title = {{Inter-band carrier aggregation}},
 type = {Technical Report (TR)},
 url = {https://portal.3gpp.org/desktopmodules/Specifications/SpecificationDetails.aspx?specificationId=2551},
 year = {2015}
}

@techreport{3gpp.36.852-11,
 author = {3GPP},
 day = {18},
 institution = {{3rd Generation Partnership Project (3GPP)}},
 month = {03},
 note = {Version 11.1.1},
 number = {36.852-11},
 title = {{LTE Advanced inter-band Carrier Aggregation (CA) (2DL/1UL)}},
 type = {Technical Report (TR)},
 url = {https://portal.3gpp.org/desktopmodules/Specifications/SpecificationDetails.aspx?specificationId=2553},
 year = {2015}
}

@techreport{3gpp.36.852-12,
 author = {3GPP},
 day = {02},
 institution = {{3rd Generation Partnership Project (3GPP)}},
 month = {10},
 note = {Version 12.2.0},
 number = {36.852-12},
 title = {{LTE Advanced inter-band Carrier Aggregation (CA) (2DL/1UL)}},
 type = {Technical Report (TR)},
 url = {https://portal.3gpp.org/desktopmodules/Specifications/SpecificationDetails.aspx?specificationId=2554},
 year = {2015}
}

@techreport{3gpp.36.852-13,
 author = {3GPP},
 day = {29},
 institution = {{3rd Generation Partnership Project (3GPP)}},
 month = {03},
 note = {Version 13.0.0},
 number = {36.852-13},
 title = {{LTE Advanced inter-band Carrier Aggregation (CA) (2DL/1UL)}},
 type = {Technical Report (TR)},
 url = {https://portal.3gpp.org/desktopmodules/Specifications/SpecificationDetails.aspx?specificationId=2555},
 year = {2016}
}

@techreport{3gpp.36.853-12,
 author = {3GPP},
 day = {03},
 institution = {{3rd Generation Partnership Project (3GPP)}},
 month = {07},
 note = {Version 12.2.0},
 number = {36.853-12},
 title = {{Evolved Universal Terrestrial Radio Access (E-UTRA); LTE-Advanced 3 Band Carrier Aggregation (CA) (3DL/1UL)}},
 type = {Technical Report (TR)},
 url = {https://portal.3gpp.org/desktopmodules/Specifications/SpecificationDetails.aspx?specificationId=2558},
 year = {2015}
}

@techreport{3gpp.36.853-13,
 author = {3GPP},
 day = {01},
 institution = {{3rd Generation Partnership Project (3GPP)}},
 month = {07},
 note = {Version 13.1.0},
 number = {36.853-13},
 title = {{Evolved Universal Terrestrial Radio Access (E-UTRA); LTE-Advanced 3 Band Carrier Aggregation (CA) (3DL/1UL)}},
 type = {Technical Report (TR)},
 url = {https://portal.3gpp.org/desktopmodules/Specifications/SpecificationDetails.aspx?specificationId=2559},
 year = {2016}
}

@techreport{3gpp.36.854-13,
 author = {3GPP},
 day = {31},
 institution = {{3rd Generation Partnership Project (3GPP)}},
 month = {03},
 note = {Version 13.0.0},
 number = {36.854-13},
 title = {{LTE Advanced 4 Band Carrier Aggregation (CA) (4DL/1UL)}},
 type = {Technical Specification (TS)},
 url = {https://portal.3gpp.org/desktopmodules/Specifications/SpecificationDetails.aspx?specificationId=2877},
 year = {2016}
}

@techreport{3gpp.36.855,
 author = {3GPP},
 day = {13},
 institution = {{3rd Generation Partnership Project (3GPP)}},
 month = {01},
 note = {Version 13.0.0},
 number = {36.855},
 title = {{Feasibility of positioning enhancements for E-UTRA}},
 type = {Technical Report (TR)},
 url = {https://portal.3gpp.org/desktopmodules/Specifications/SpecificationDetails.aspx?specificationId=2560},
 year = {2015}
}

@techreport{3gpp.36.856,
 author = {3GPP},
 day = {27},
 institution = {{3rd Generation Partnership Project (3GPP)}},
 month = {06},
 note = {Version 12.0.0},
 number = {36.856},
 title = {{Evolved Universal Terrestrial Radio Access Network (E-UTRAN); Study on RAN sharing enhancements}},
 type = {Technical Report (TR)},
 url = {https://portal.3gpp.org/desktopmodules/Specifications/SpecificationDetails.aspx?specificationId=2561},
 year = {2014}
}

@techreport{3gpp.36.857-13,
 author = {3GPP},
 day = {01},
 institution = {{3rd Generation Partnership Project (3GPP)}},
 month = {07},
 note = {Version 13.1.0},
 number = {36.857-13},
 title = {{LTE Advanced 5 Band Carrier Aggregation (CA) (5DL/1UL)}},
 type = {Technical Report (TR)},
 url = {https://portal.3gpp.org/desktopmodules/Specifications/SpecificationDetails.aspx?specificationId=2965},
 year = {2016}
}

@techreport{3gpp.36.858,
 author = {3GPP},
 day = {02},
 institution = {{3rd Generation Partnership Project (3GPP)}},
 month = {07},
 note = {Version 14.0.0},
 number = {36.858},
 title = {{Evolved Universal Terrestrial Radio Access (E-UTRA); LTE 2.6 GHz FDD SDL band (2570-2620 MHz)}},
 type = {Technical Report (TR)},
 url = {https://portal.3gpp.org/desktopmodules/Specifications/SpecificationDetails.aspx?specificationId=3020},
 year = {2016}
}

@techreport{3gpp.36.859,
 author = {3GPP},
 day = {08},
 institution = {{3rd Generation Partnership Project (3GPP)}},
 month = {01},
 note = {Version 13.0.0},
 number = {36.859},
 title = {{Study on Downlink Multiuser Superposition Transmission (MUST) for LTE}},
 type = {Technical Report (TR)},
 url = {https://portal.3gpp.org/desktopmodules/Specifications/SpecificationDetails.aspx?specificationId=2912},
 year = {2016}
}

@techreport{3gpp.36.860-12,
 author = {3GPP},
 day = {13},
 institution = {{3rd Generation Partnership Project (3GPP)}},
 month = {01},
 note = {Version 12.0.0},
 number = {36.860-12},
 title = {{LTE-Advanced dual uplink inter-band Carrier Aggregation (CA)}},
 type = {Technical Report (TR)},
 url = {https://portal.3gpp.org/desktopmodules/Specifications/SpecificationDetails.aspx?specificationId=2563},
 year = {2015}
}

@techreport{3gpp.36.860-13,
 author = {3GPP},
 day = {08},
 institution = {{3rd Generation Partnership Project (3GPP)}},
 month = {01},
 note = {Version 13.0.0},
 number = {36.860-13},
 title = {{LTE-Advanced dual uplink inter-band Carrier Aggregation (CA)}},
 type = {Technical Report (TR)},
 url = {https://portal.3gpp.org/desktopmodules/Specifications/SpecificationDetails.aspx?specificationId=2564},
 year = {2016}
}

@techreport{3gpp.36.861,
 author = {3GPP},
 day = {15},
 institution = {{3rd Generation Partnership Project (3GPP)}},
 month = {01},
 note = {Version 13.0.0},
 number = {36.861},
 title = {{Technical Report for Study Item: Study on LTE FDD in the bands 1980-2010 MHz and 2170-2200 MHz}},
 type = {Technical Report (TR)},
 url = {https://portal.3gpp.org/desktopmodules/Specifications/SpecificationDetails.aspx?specificationId=2565},
 year = {2016}
}

@techreport{3gpp.36.862,
 author = {3GPP},
 day = {08},
 institution = {{3rd Generation Partnership Project (3GPP)}},
 month = {01},
 note = {Version 13.0.0},
 number = {36.862},
 title = {{Technical Report for 2 GHz Band in Region 1}},
 type = {Technical Report (TR)},
 url = {https://portal.3gpp.org/desktopmodules/Specifications/SpecificationDetails.aspx?specificationId=2566},
 year = {2016}
}

@techreport{3gpp.36.863,
 author = {3GPP},
 day = {06},
 institution = {{3rd Generation Partnership Project (3GPP)}},
 month = {01},
 note = {Version 12.0.0},
 number = {36.863},
 title = {{Study on Cell-specific Reference Signals (CRS) interference mitigation for homogenous deployments of LTE}},
 type = {Technical Report (TR)},
 url = {https://portal.3gpp.org/desktopmodules/Specifications/SpecificationDetails.aspx?specificationId=2567},
 year = {2014}
}

@techreport{3gpp.36.866,
 author = {3GPP},
 day = {28},
 institution = {{3rd Generation Partnership Project (3GPP)}},
 month = {03},
 note = {Version 12.0.1},
 number = {36.866},
 title = {{Study on Network-Assisted Interference Cancellation and Suppression (NAIC) for LTE}},
 type = {Technical Report (TR)},
 url = {https://portal.3gpp.org/desktopmodules/Specifications/SpecificationDetails.aspx?specificationId=2570},
 year = {2014}
}

@techreport{3gpp.36.867,
 author = {3GPP},
 day = {28},
 institution = {{3rd Generation Partnership Project (3GPP)}},
 month = {03},
 note = {Version 13.0.0},
 number = {36.867},
 title = {{Study on LTE DL 4 Rx antenna ports}},
 type = {Technical Report (TR)},
 url = {https://portal.3gpp.org/desktopmodules/Specifications/SpecificationDetails.aspx?specificationId=2884},
 year = {2015}
}

@techreport{3gpp.36.868,
 author = {3GPP},
 day = {18},
 institution = {{3rd Generation Partnership Project (3GPP)}},
 month = {03},
 note = {Version 12.0.0},
 number = {36.868},
 title = {{Evolved Universal Terrestrial Radio Access (E-UTRA); Study on group communication for E-UTRA}},
 type = {Technical Report (TR)},
 url = {https://portal.3gpp.org/desktopmodules/Specifications/SpecificationDetails.aspx?specificationId=2571},
 year = {2014}
}

@techreport{3gpp.36.869,
 author = {3GPP},
 day = {01},
 institution = {{3rd Generation Partnership Project (3GPP)}},
 month = {07},
 note = {Version 13.1.0},
 number = {36.869},
 title = {{Advanced Wireless Services (AWS) extension band for LTE}},
 type = {Technical Report (TR)},
 url = {https://portal.3gpp.org/desktopmodules/Specifications/SpecificationDetails.aspx?specificationId=2911},
 year = {2016}
}

@techreport{3gpp.36.870,
 author = {3GPP},
 day = {08},
 institution = {{3rd Generation Partnership Project (3GPP)}},
 month = {01},
 note = {Version 13.0.0},
 number = {36.870},
 title = {{Study on new Advanced Wireless Services (AWS)-3/4 Band for LTE}},
 type = {Technical Report (TR)},
 url = {https://portal.3gpp.org/desktopmodules/Specifications/SpecificationDetails.aspx?specificationId=2966},
 year = {2016}
}

@techreport{3gpp.36.871,
 author = {3GPP},
 day = {22},
 institution = {{3rd Generation Partnership Project (3GPP)}},
 month = {12},
 note = {Version 11.0.0},
 number = {36.871},
 title = {{Evolved Universal Terrestrial Radio Access (E-UTRA); Downlink Multiple Input Multiple Output (MIMO) enhancement for LTE-Advanced}},
 type = {Technical Report (TR)},
 url = {https://portal.3gpp.org/desktopmodules/Specifications/SpecificationDetails.aspx?specificationId=2572},
 year = {2011}
}

@techreport{3gpp.36.872,
 author = {3GPP},
 day = {20},
 institution = {{3rd Generation Partnership Project (3GPP)}},
 month = {12},
 note = {Version 12.1.0},
 number = {36.872},
 title = {{Small cell enhancements for E-UTRA and E-UTRAN - Physical layer aspects}},
 type = {Technical Report (TR)},
 url = {https://portal.3gpp.org/desktopmodules/Specifications/SpecificationDetails.aspx?specificationId=2573},
 year = {2013}
}

@techreport{3gpp.36.873,
 author = {3GPP},
 day = {24},
 institution = {{3rd Generation Partnership Project (3GPP)}},
 month = {03},
 note = {Version 12.4.0},
 number = {36.873},
 title = {{Study on 3D channel model for LTE}},
 type = {Technical Report (TR)},
 url = {https://portal.3gpp.org/desktopmodules/Specifications/SpecificationDetails.aspx?specificationId=2574},
 year = {2017}
}

@techreport{3gpp.36.874,
 author = {3GPP},
 day = {20},
 institution = {{3rd Generation Partnership Project (3GPP)}},
 month = {12},
 note = {Version 12.0.0},
 number = {36.874},
 title = {{Coordinated multi-point operation for LTE with non-ideal backhaul}},
 type = {Technical Report (TR)},
 url = {https://portal.3gpp.org/desktopmodules/Specifications/SpecificationDetails.aspx?specificationId=2575},
 year = {2013}
}

@techreport{3gpp.36.875,
 author = {3GPP},
 day = {22},
 institution = {{3rd Generation Partnership Project (3GPP)}},
 month = {09},
 note = {Version 13.1.0},
 number = {36.875},
 title = {{Evolved Universal Terrestrial Radio Access Network (E-UTRAN); Extension of dual connectivity in E-UTRAN}},
 type = {Technical Report (TR)},
 url = {https://portal.3gpp.org/desktopmodules/Specifications/SpecificationDetails.aspx?specificationId=2878},
 year = {2015}
}

@techreport{3gpp.36.876,
 author = {3GPP},
 day = {22},
 institution = {{3rd Generation Partnership Project (3GPP)}},
 month = {09},
 note = {Version 13.0.0},
 number = {36.876},
 title = {{Study on further enhancements of small cell high layer aspects for LTE}},
 type = {Technical Report (TR)},
 url = {https://portal.3gpp.org/desktopmodules/Specifications/SpecificationDetails.aspx?specificationId=2879},
 year = {2015}
}

@techreport{3gpp.36.877,
 author = {3GPP},
 day = {28},
 institution = {{3rd Generation Partnership Project (3GPP)}},
 month = {03},
 note = {Version 12.0.0},
 number = {36.877},
 title = {{LTE Device to Device Proximity Services; User Equipment (UE) radio transmission and reception}},
 type = {Technical Report (TR)},
 url = {https://portal.3gpp.org/desktopmodules/Specifications/SpecificationDetails.aspx?specificationId=2576},
 year = {2015}
}

@techreport{3gpp.36.878,
 author = {3GPP},
 day = {08},
 institution = {{3rd Generation Partnership Project (3GPP)}},
 month = {01},
 note = {Version 13.0.0},
 number = {36.878},
 title = {{Study on performance enhancements for high speed scenario in LTE}},
 type = {Technical Report (TR)},
 url = {https://portal.3gpp.org/desktopmodules/Specifications/SpecificationDetails.aspx?specificationId=2885},
 year = {2016}
}

@techreport{3gpp.36.879-13,
 author = {3GPP},
 day = {08},
 institution = {{3rd Generation Partnership Project (3GPP)}},
 month = {01},
 note = {Version 13.0.0},
 number = {36.879-13},
 title = {{LTE Advanced 3DL/2UL inter-band Carrier Aggregation (CA)}},
 type = {Technical Report (TR)},
 url = {https://portal.3gpp.org/desktopmodules/Specifications/SpecificationDetails.aspx?specificationId=2917},
 year = {2016}
}

@techreport{3gpp.36.880,
 author = {3GPP},
 day = {24},
 institution = {{3rd Generation Partnership Project (3GPP)}},
 month = {09},
 note = {Version 13.0.0},
 number = {36.880},
 title = {{Study on further enhancements of Minimization of Drive Tests (MDT) for E-UTRAN}},
 type = {Technical Report (TR)},
 url = {https://portal.3gpp.org/desktopmodules/Specifications/SpecificationDetails.aspx?specificationId=2900},
 year = {2015}
}

@techreport{3gpp.36.881,
 author = {3GPP},
 day = {13},
 institution = {{3rd Generation Partnership Project (3GPP)}},
 month = {07},
 note = {Version 14.0.0},
 number = {36.881},
 title = {{Study on latency reduction techniques for LTE}},
 type = {Technical Report (TR)},
 url = {https://portal.3gpp.org/desktopmodules/Specifications/SpecificationDetails.aspx?specificationId=2901},
 year = {2016}
}

@techreport{3gpp.36.882,
 author = {3GPP},
 day = {28},
 institution = {{3rd Generation Partnership Project (3GPP)}},
 month = {09},
 note = {Version 13.0.0},
 number = {36.882},
 title = {{Study on regulatory aspects for flexible duplex for E-UTRAN}},
 type = {Technical Report (TR)},
 url = {https://portal.3gpp.org/desktopmodules/Specifications/SpecificationDetails.aspx?specificationId=2909},
 year = {2015}
}

@techreport{3gpp.36.883,
 author = {3GPP},
 day = {09},
 institution = {{3rd Generation Partnership Project (3GPP)}},
 month = {10},
 note = {Version 13.0.0},
 number = {36.883},
 title = {{Evolved Universal Terrestrial Radio Access (E-UTRA); Introducing UL 64QAM}},
 type = {Technical Report (TR)},
 url = {https://portal.3gpp.org/desktopmodules/Specifications/SpecificationDetails.aspx?specificationId=2921},
 year = {2015}
}

@techreport{3gpp.36.884,
 author = {3GPP},
 day = {02},
 institution = {{3rd Generation Partnership Project (3GPP)}},
 month = {10},
 note = {Version 13.1.0},
 number = {36.884},
 title = {{Performance requirements of MMSE-IRC receiver for LTE BS}},
 type = {Technical Report (TR)},
 url = {https://portal.3gpp.org/desktopmodules/Specifications/SpecificationDetails.aspx?specificationId=2923},
 year = {2016}
}

@techreport{3gpp.36.885,
 author = {3GPP},
 day = {20},
 institution = {{3rd Generation Partnership Project (3GPP)}},
 month = {07},
 note = {Version 14.0.0},
 number = {36.885},
 title = {{Study on LTE-based V2X services}},
 type = {Technical Report (TR)},
 url = {https://portal.3gpp.org/desktopmodules/Specifications/SpecificationDetails.aspx?specificationId=2934},
 year = {2016}
}

@techreport{3gpp.36.886,
 author = {3GPP},
 day = {10},
 institution = {{3rd Generation Partnership Project (3GPP)}},
 month = {07},
 note = {Version 14.0.0},
 number = {36.886},
 title = {{Evolved Universal Terrestrial Radio Access (E-UTRA); Band 41 High Power UE (HPUE)}},
 type = {Technical Report (TR)},
 url = {https://portal.3gpp.org/desktopmodules/Specifications/SpecificationDetails.aspx?specificationId=2943},
 year = {2016}
}

@techreport{3gpp.36.887,
 author = {3GPP},
 day = {27},
 institution = {{3rd Generation Partnership Project (3GPP)}},
 month = {06},
 note = {Version 12.0.0},
 number = {36.887},
 title = {{Evolved Universal Terrestrial Radio Access Network (E-UTRAN); Study on energy saving enhancement for E-UTRAN}},
 type = {Technical Report (TR)},
 url = {https://portal.3gpp.org/desktopmodules/Specifications/SpecificationDetails.aspx?specificationId=2577},
 year = {2014}
}

@techreport{3gpp.36.888,
 author = {3GPP},
 day = {26},
 institution = {{3rd Generation Partnership Project (3GPP)}},
 month = {06},
 note = {Version 12.0.0},
 number = {36.888},
 title = {{Study on provision of low-cost Machine-Type Communications (MTC) User Equipments (UEs) based on LTE}},
 type = {Technical Report (TR)},
 url = {https://portal.3gpp.org/desktopmodules/Specifications/SpecificationDetails.aspx?specificationId=2578},
 year = {2013}
}

@techreport{3gpp.36.889,
 author = {3GPP},
 day = {03},
 institution = {{3rd Generation Partnership Project (3GPP)}},
 month = {07},
 note = {Version 13.0.0},
 number = {36.889},
 title = {{Feasibility Study on Licensed-Assisted Access to Unlicensed Spectrum}},
 type = {Technical Report (TR)},
 url = {https://portal.3gpp.org/desktopmodules/Specifications/SpecificationDetails.aspx?specificationId=2579},
 year = {2015}
}

@techreport{3gpp.36.890,
 author = {3GPP},
 day = {08},
 institution = {{3rd Generation Partnership Project (3GPP)}},
 month = {07},
 note = {Version 13.0.0},
 number = {36.890},
 title = {{Study on Support of single-cell point-to-multipoint transmission in LTE}},
 type = {Technical Report (TR)},
 url = {https://portal.3gpp.org/desktopmodules/Specifications/SpecificationDetails.aspx?specificationId=2872},
 year = {2015}
}

@techreport{3gpp.36.892,
 author = {3GPP},
 day = {08},
 institution = {{3rd Generation Partnership Project (3GPP)}},
 month = {01},
 note = {Version 13.0.0},
 number = {36.892},
 title = {{Evolved Universal Terrestrial Radio Access (E-UTRA); Introduction of 1447-1467MHz Band for TD-LTE in China}},
 type = {Technical Report (TR)},
 url = {https://portal.3gpp.org/desktopmodules/Specifications/SpecificationDetails.aspx?specificationId=2939},
 year = {2016}
}

@techreport{3gpp.36.893,
 author = {3GPP},
 day = {01},
 institution = {{3rd Generation Partnership Project (3GPP)}},
 month = {07},
 note = {Version 13.1.0},
 number = {36.893},
 title = {{Evolved Universal Terrestrial Radio Access (E-UTRA); 700MHz band for Arab Region}},
 type = {Technical Report (TR)},
 url = {https://portal.3gpp.org/desktopmodules/Specifications/SpecificationDetails.aspx?specificationId=2940},
 year = {2016}
}

@techreport{3gpp.36.894,
 author = {3GPP},
 day = {08},
 institution = {{3rd Generation Partnership Project (3GPP)}},
 month = {01},
 note = {Version 13.0.0},
 number = {36.894},
 title = {{Evolved Universal Terrestrial Radio Access (E-UTRA); Study on measurement gap enhancement for LTE}},
 type = {Technical Report (TR)},
 url = {https://portal.3gpp.org/desktopmodules/Specifications/SpecificationDetails.aspx?specificationId=2942},
 year = {2016}
}

@techreport{3gpp.36.895,
 author = {3GPP},
 day = {08},
 institution = {{3rd Generation Partnership Project (3GPP)}},
 month = {01},
 note = {Version 13.0.0},
 number = {36.895},
 title = {{Evolved Universal Terrestrial Radio Access (E-UTRA); European 700 supplemental downlink band (738-758 MHz) in E-UTRA}},
 type = {Technical Report (TR)},
 url = {https://portal.3gpp.org/desktopmodules/Specifications/SpecificationDetails.aspx?specificationId=2941},
 year = {2016}
}

@techreport{3gpp.36.896,
 author = {3GPP},
 day = {28},
 institution = {{3rd Generation Partnership Project (3GPP)}},
 month = {09},
 note = {Version 14.0.0},
 number = {36.896},
 title = {{Study on Flexible eNB-ID and Cell-ID in E-UTRAN}},
 type = {Technical Report (TR)},
 url = {https://portal.3gpp.org/desktopmodules/Specifications/SpecificationDetails.aspx?specificationId=3057},
 year = {2016}
}

@techreport{3gpp.36.897,
 author = {3GPP},
 day = {03},
 institution = {{3rd Generation Partnership Project (3GPP)}},
 month = {07},
 note = {Version 13.0.0},
 number = {36.897},
 title = {{Study on Elevation Beamforming/Full-Dimension (FD) MIMO for LTE}},
 type = {Technical Report (TR)},
 url = {https://portal.3gpp.org/desktopmodules/Specifications/SpecificationDetails.aspx?specificationId=2580},
 year = {2015}
}

@techreport{3gpp.36.898,
 author = {3GPP},
 day = {13},
 institution = {{3rd Generation Partnership Project (3GPP)}},
 month = {01},
 note = {Version 14.0.0},
 number = {36.898},
 title = {{Network Assistance for Network Synchronization}},
 type = {Technical Report (TR)},
 url = {https://portal.3gpp.org/desktopmodules/Specifications/SpecificationDetails.aspx?specificationId=2937},
 year = {2017}
}

@techreport{3gpp.36.899-13,
 author = {3GPP},
 day = {08},
 institution = {{3rd Generation Partnership Project (3GPP)}},
 month = {01},
 note = {Version 13.0.0},
 number = {36.899-13},
 title = {{LTE Advanced inter-band Carrier Aggregation (CA) (3DL/3UL)}},
 type = {Technical Report (TR)},
 url = {https://portal.3gpp.org/desktopmodules/Specifications/SpecificationDetails.aspx?specificationId=2968},
 year = {2016}
}

@techreport{3gpp.36.902,
 author = {3GPP},
 day = {07},
 institution = {{3rd Generation Partnership Project (3GPP)}},
 month = {04},
 note = {Version 9.3.1},
 number = {36.902},
 title = {{Evolved Universal Terrestrial Radio Access Network (E-UTRAN); Self-configuring and self-optimizing network (SON) use cases and solutions}},
 type = {Technical Report (TR)},
 url = {https://portal.3gpp.org/desktopmodules/Specifications/SpecificationDetails.aspx?specificationId=2581},
 year = {2011}
}

@techreport{3gpp.36.903,
 author = {3GPP},
 day = {20},
 institution = {{3rd Generation Partnership Project (3GPP)}},
 month = {03},
 note = {Version 13.1.0},
 number = {36.903},
 title = {{Evolved Universal Terrestrial Radio Access (E-UTRA) and Evolved Universal Terrestrial Radio Access Network (E-UTRAN); Derivation of test tolerances for Radio Resource Management (RRM) conformance tests}},
 type = {Technical Report (TR)},
 url = {https://portal.3gpp.org/desktopmodules/Specifications/SpecificationDetails.aspx?specificationId=2582},
 year = {2017}
}

@techreport{3gpp.36.904,
 author = {3GPP},
 day = {20},
 institution = {{3rd Generation Partnership Project (3GPP)}},
 month = {03},
 note = {Version 13.1.0},
 number = {36.904},
 title = {{Evolved Universal Terrestrial Radio Access (E-UTRA) and Evolved Universal Terrestrial Radio Access Network (E-UTRAN); Derivation of test tolerances for User Equipment (UE) radio reception conformance tests}},
 type = {Technical Report (TR)},
 url = {https://portal.3gpp.org/desktopmodules/Specifications/SpecificationDetails.aspx?specificationId=2583},
 year = {2017}
}

@techreport{3gpp.36.905,
 author = {3GPP},
 day = {20},
 institution = {{3rd Generation Partnership Project (3GPP)}},
 month = {03},
 note = {Version 14.2.0},
 number = {36.905},
 title = {{Evolved Universal Terrestrial Radio Access (E-UTRA) and Evolved Universal Terrestrial Radio Access Network (E-UTRAN); Derivation of test points for radio transmission and reception conformance test cases}},
 type = {Technical Report (TR)},
 url = {https://portal.3gpp.org/desktopmodules/Specifications/SpecificationDetails.aspx?specificationId=2990},
 year = {2017}
}

@techreport{3gpp.36.912,
 author = {3GPP},
 day = {25},
 institution = {{3rd Generation Partnership Project (3GPP)}},
 month = {03},
 note = {Version 14.0.0},
 number = {36.912},
 title = {{Feasibility study for Further Advancements for E-UTRA (LTE-Advanced)}},
 type = {Technical Report (TR)},
 url = {https://portal.3gpp.org/desktopmodules/Specifications/SpecificationDetails.aspx?specificationId=2584},
 year = {2017}
}

@techreport{3gpp.36.913,
 author = {3GPP},
 day = {24},
 institution = {{3rd Generation Partnership Project (3GPP)}},
 month = {03},
 note = {Version 14.0.0},
 number = {36.913},
 title = {{Requirements for further advancements for Evolved Universal Terrestrial Radio Access (E-UTRA)  (LTE-Advanced)}},
 type = {Technical Report (TR)},
 url = {https://portal.3gpp.org/desktopmodules/Specifications/SpecificationDetails.aspx?specificationId=2585},
 year = {2017}
}

@techreport{3gpp.36.921,
 author = {3GPP},
 day = {29},
 institution = {{3rd Generation Partnership Project (3GPP)}},
 month = {03},
 note = {Version 14.0.0},
 number = {36.921},
 title = {{Evolved Universal Terrestrial Radio Access (E-UTRA); FDD Home eNode B (HeNB) Radio Frequency (RF) requirements analysis}},
 type = {Technical Report (TR)},
 url = {https://portal.3gpp.org/desktopmodules/Specifications/SpecificationDetails.aspx?specificationId=2586},
 year = {2017}
}

@techreport{3gpp.36.922,
 author = {3GPP},
 day = {29},
 institution = {{3rd Generation Partnership Project (3GPP)}},
 month = {03},
 note = {Version 14.0.0},
 number = {36.922},
 title = {{Evolved Universal Terrestrial Radio Access (E-UTRA); TDD Home eNode B (HeNB) Radio Frequency (RF) requirements analysis}},
 type = {Technical Report (TR)},
 url = {https://portal.3gpp.org/desktopmodules/Specifications/SpecificationDetails.aspx?specificationId=2587},
 year = {2017}
}

@techreport{3gpp.36.927,
 author = {3GPP},
 day = {24},
 institution = {{3rd Generation Partnership Project (3GPP)}},
 month = {03},
 note = {Version 14.0.0},
 number = {36.927},
 title = {{Evolved Universal Terrestrial Radio Access (E-UTRA); Potential solutions for energy saving for E-UTRAN}},
 type = {Technical Report (TR)},
 url = {https://portal.3gpp.org/desktopmodules/Specifications/SpecificationDetails.aspx?specificationId=2588},
 year = {2017}
}

@techreport{3gpp.36.931,
 author = {3GPP},
 day = {29},
 institution = {{3rd Generation Partnership Project (3GPP)}},
 month = {03},
 note = {Version 14.0.0},
 number = {36.931},
 title = {{Evolved Universal Terrestrial Radio Access (E-UTRA); Radio Frequency (RF) requirements for LTE Pico Node B}},
 type = {Technical Report (TR)},
 url = {https://portal.3gpp.org/desktopmodules/Specifications/SpecificationDetails.aspx?specificationId=2589},
 year = {2017}
}

@techreport{3gpp.36.932,
 author = {3GPP},
 day = {24},
 institution = {{3rd Generation Partnership Project (3GPP)}},
 month = {03},
 note = {Version 14.0.0},
 number = {36.932},
 title = {{Scenarios and requirements for small cell enhancements for E-UTRA and E-UTRAN}},
 type = {Technical Report (TR)},
 url = {https://portal.3gpp.org/desktopmodules/Specifications/SpecificationDetails.aspx?specificationId=2590},
 year = {2017}
}

@techreport{3gpp.36.933,
 author = {3GPP},
 day = {27},
 institution = {{3rd Generation Partnership Project (3GPP)}},
 month = {03},
 note = {Version 14.0.0},
 number = {36.933},
 title = {{Study on Context Aware Service Delivery in RAN for LTE}},
 type = {Technical Report (TR)},
 url = {https://portal.3gpp.org/desktopmodules/Specifications/SpecificationDetails.aspx?specificationId=3058},
 year = {2017}
}

@techreport{3gpp.36.938,
 author = {3GPP},
 day = {05},
 institution = {{3rd Generation Partnership Project (3GPP)}},
 month = {01},
 note = {Version 9.0.0},
 number = {36.938},
 title = {{Evolved Universal Terrestrial Radio Access Network (E-UTRAN); Improved network controlled mobility between E-UTRAN and 3GPP2/mobile WiMAX radio technologies}},
 type = {Technical Report (TR)},
 url = {https://portal.3gpp.org/desktopmodules/Specifications/SpecificationDetails.aspx?specificationId=2591},
 year = {2010}
}

@techreport{3gpp.36.942,
 author = {3GPP},
 day = {29},
 institution = {{3rd Generation Partnership Project (3GPP)}},
 month = {03},
 note = {Version 14.0.0},
 number = {36.942},
 title = {{Evolved Universal Terrestrial Radio Access (E-UTRA); Radio Frequency (RF) system scenarios}},
 type = {Technical Report (TR)},
 url = {https://portal.3gpp.org/desktopmodules/Specifications/SpecificationDetails.aspx?specificationId=2592},
 year = {2017}
}

@techreport{3gpp.36.978,
 author = {3GPP},
 day = {04},
 institution = {{3rd Generation Partnership Project (3GPP)}},
 month = {11},
 note = {Version 13.1.0},
 number = {36.978},
 title = {{Evolved Universal Terrestrial Radio Access (E-UTRA) User Equipment (UE) antenna test function definition for two-stage Multiple Input Multiple Output (MIMO) Over The Air (OTA) test method}},
 type = {Technical Report (TR)},
 url = {https://portal.3gpp.org/desktopmodules/Specifications/SpecificationDetails.aspx?specificationId=2594},
 year = {2015}
}

