@techreport{3gpp.38.101-1,
 author = {3GPP},
 day = {09},
 institution = {{3rd Generation Partnership Project (3GPP)}},
 month = {01},
 note = {Version 15.0.0},
 number = {38.101-1},
 title = {{NR; User Equipment (UE) radio transmission and reception; Part 1: Range 1 Standalone}},
 type = {Technical Specification (TS)},
 url = {http://www.3gpp.org/\-DynaReport/\-38101-1.htm},
 year = {2018}
}

@techreport{3gpp.38.101-2,
 author = {3GPP},
 day = {09},
 institution = {{3rd Generation Partnership Project (3GPP)}},
 month = {01},
 note = {Version 15.0.0},
 number = {38.101-2},
 title = {{NR; User Equipment (UE) radio transmission and reception; Part 2: Range 2 Standalone}},
 type = {Technical Specification (TS)},
 url = {http://www.3gpp.org/\-DynaReport/\-38101-2.htm},
 year = {2018}
}

@techreport{3gpp.38.101-3,
 author = {3GPP},
 day = {09},
 institution = {{3rd Generation Partnership Project (3GPP)}},
 month = {01},
 note = {Version 15.0.0},
 number = {38.101-3},
 title = {{NR; User Equipment (UE) radio transmission and reception; Part 3: Range 1 and Range 2 Interworking operation with other radios}},
 type = {Technical Specification (TS)},
 url = {http://www.3gpp.org/\-DynaReport/\-38101-3.htm},
 year = {2018}
}

@techreport{3gpp.38.104,
 author = {3GPP},
 day = {09},
 institution = {{3rd Generation Partnership Project (3GPP)}},
 month = {01},
 note = {Version 15.0.0},
 number = {38.104},
 title = {{NR; Base Station (BS) radio transmission and reception}},
 type = {Technical Specification (TS)},
 url = {http://www.3gpp.org/\-DynaReport/\-38104.htm},
 year = {2018}
}

@techreport{3gpp.38.113,
 author = {3GPP},
 day = {09},
 institution = {{3rd Generation Partnership Project (3GPP)}},
 month = {01},
 note = {Version 15.0.0},
 number = {38.113},
 title = {{NR; Base Station (BS) and repeater ElectroMagnetic Compatibility (EMC)}},
 type = {Technical Specification (TS)},
 url = {http://www.3gpp.org/\-DynaReport/\-38113.htm},
 year = {2018}
}

@techreport{3gpp.38.124,
 author = {3GPP},
 day = {09},
 institution = {{3rd Generation Partnership Project (3GPP)}},
 month = {01},
 note = {Version 15.0.0},
 number = {38.124},
 title = {{NR; Electromagnetic compatibility (EMC) requirements for mobile terminals and ancillary equipment}},
 type = {Technical Specification (TS)},
 url = {http://www.3gpp.org/\-DynaReport/\-38124.htm},
 year = {2018}
}

@techreport{3gpp.38.133,
 author = {3GPP},
 day = {09},
 institution = {{3rd Generation Partnership Project (3GPP)}},
 month = {01},
 note = {Version 15.0.0},
 number = {38.133},
 title = {{NR; Requirements for support of radio resource management}},
 type = {Technical Specification (TS)},
 url = {http://www.3gpp.org/\-DynaReport/\-38133.htm},
 year = {2018}
}

@techreport{3gpp.38.201,
 author = {3GPP},
 day = {03},
 institution = {{3rd Generation Partnership Project (3GPP)}},
 month = {01},
 note = {Version 15.0.0},
 number = {38.201},
 title = {{NR; Physical layer; General description}},
 type = {Technical Specification (TS)},
 url = {http://www.3gpp.org/\-DynaReport/\-38201.htm},
 year = {2018}
}

@techreport{3gpp.38.202,
 author = {3GPP},
 day = {03},
 institution = {{3rd Generation Partnership Project (3GPP)}},
 month = {01},
 note = {Version 15.0.0},
 number = {38.202},
 title = {{NR; Services provided by the physical layer}},
 type = {Technical Specification (TS)},
 url = {http://www.3gpp.org/\-DynaReport/\-38202.htm},
 year = {2018}
}

@techreport{3gpp.38.211,
 author = {3GPP},
 day = {03},
 institution = {{3rd Generation Partnership Project (3GPP)}},
 month = {01},
 note = {Version 15.0.0},
 number = {38.211},
 title = {{NR; Physical channels and modulation}},
 type = {Technical Specification (TS)},
 url = {http://www.3gpp.org/\-DynaReport/\-38211.htm},
 year = {2018}
}

@techreport{3gpp.38.212,
 author = {3GPP},
 day = {03},
 institution = {{3rd Generation Partnership Project (3GPP)}},
 month = {01},
 note = {Version 15.0.0},
 number = {38.212},
 title = {{NR; Multiplexing and channel coding}},
 type = {Technical Specification (TS)},
 url = {http://www.3gpp.org/\-DynaReport/\-38212.htm},
 year = {2018}
}

@techreport{3gpp.38.213,
 author = {3GPP},
 day = {03},
 institution = {{3rd Generation Partnership Project (3GPP)}},
 month = {01},
 note = {Version 15.0.0},
 number = {38.213},
 title = {{NR; Physical layer procedures for control}},
 type = {Technical Specification (TS)},
 url = {http://www.3gpp.org/\-DynaReport/\-38213.htm},
 year = {2018}
}

@techreport{3gpp.38.214,
 author = {3GPP},
 day = {03},
 institution = {{3rd Generation Partnership Project (3GPP)}},
 month = {01},
 note = {Version 15.0.0},
 number = {38.214},
 title = {{NR; Physical layer procedures for data}},
 type = {Technical Specification (TS)},
 url = {http://www.3gpp.org/\-DynaReport/\-38214.htm},
 year = {2018}
}

@techreport{3gpp.38.215,
 author = {3GPP},
 day = {03},
 institution = {{3rd Generation Partnership Project (3GPP)}},
 month = {01},
 note = {Version 15.0.0},
 number = {38.215},
 title = {{NR; Physical layer measurements}},
 type = {Technical Specification (TS)},
 url = {http://www.3gpp.org/\-DynaReport/\-38215.htm},
 year = {2018}
}

@techreport{3gpp.38.300,
 author = {3GPP},
 day = {04},
 institution = {{3rd Generation Partnership Project (3GPP)}},
 month = {01},
 note = {Version 15.0.0},
 number = {38.300},
 title = {{NR; Overall description; Stage-2}},
 type = {Technical Specification (TS)},
 url = {http://www.3gpp.org/\-DynaReport/\-38300.htm},
 year = {2018}
}

@techreport{3gpp.38.306,
 author = {3GPP},
 day = {04},
 institution = {{3rd Generation Partnership Project (3GPP)}},
 month = {01},
 note = {Version 15.0.0},
 number = {38.306},
 title = {{NR; User Equipment (UE) radio access capabilities}},
 type = {Technical Specification (TS)},
 url = {http://www.3gpp.org/\-DynaReport/\-38306.htm},
 year = {2018}
}

@techreport{3gpp.38.321,
 author = {3GPP},
 day = {04},
 institution = {{3rd Generation Partnership Project (3GPP)}},
 month = {01},
 note = {Version 15.0.0},
 number = {38.321},
 title = {{NR; Medium Access Control (MAC) protocol specification}},
 type = {Technical Specification (TS)},
 url = {http://www.3gpp.org/\-DynaReport/\-38321.htm},
 year = {2018}
}

@techreport{3gpp.38.322,
 author = {3GPP},
 day = {04},
 institution = {{3rd Generation Partnership Project (3GPP)}},
 month = {01},
 note = {Version 15.0.0},
 number = {38.322},
 title = {{NR; Radio Link Control (RLC) protocol specification}},
 type = {Technical Specification (TS)},
 url = {http://www.3gpp.org/\-DynaReport/\-38322.htm},
 year = {2018}
}

@techreport{3gpp.38.323,
 author = {3GPP},
 day = {04},
 institution = {{3rd Generation Partnership Project (3GPP)}},
 month = {01},
 note = {Version 15.0.0},
 number = {38.323},
 title = {{NR; Packet Data Convergence Protocol (PDCP) specification}},
 type = {Technical Specification (TS)},
 url = {http://www.3gpp.org/\-DynaReport/\-38323.htm},
 year = {2018}
}

@techreport{3gpp.38.331,
 author = {3GPP},
 day = {04},
 institution = {{3rd Generation Partnership Project (3GPP)}},
 month = {01},
 note = {Version 15.0.0},
 number = {38.331},
 title = {{NR; Radio Resource Control (RRC); Protocol specification}},
 type = {Technical Specification (TS)},
 url = {http://www.3gpp.org/\-DynaReport/\-38331.htm},
 year = {2018}
}

@techreport{3gpp.38.401,
 author = {3GPP},
 day = {19},
 institution = {{3rd Generation Partnership Project (3GPP)}},
 month = {01},
 note = {Version 15.0.0},
 number = {38.401},
 title = {{NG-RAN; Architecture description}},
 type = {Technical Specification (TS)},
 url = {http://www.3gpp.org/\-DynaReport/\-38401.htm},
 year = {2018}
}

@techreport{3gpp.38.425,
 author = {3GPP},
 day = {13},
 institution = {{3rd Generation Partnership Project (3GPP)}},
 month = {01},
 note = {Version 15.0.0},
 number = {38.425},
 title = {{NG-RAN; NR user plane protocol}},
 type = {Technical Specification (TS)},
 url = {http://www.3gpp.org/\-DynaReport/\-38425.htm},
 year = {2018}
}

@techreport{3gpp.38.470,
 author = {3GPP},
 day = {13},
 institution = {{3rd Generation Partnership Project (3GPP)}},
 month = {01},
 note = {Version 15.0.0},
 number = {38.470},
 title = {{NG-RAN; F1 general aspects and principles}},
 type = {Technical Specification (TS)},
 url = {http://www.3gpp.org/\-DynaReport/\-38470.htm},
 year = {2018}
}

@techreport{3gpp.38.471,
 author = {3GPP},
 day = {19},
 institution = {{3rd Generation Partnership Project (3GPP)}},
 month = {01},
 note = {Version 15.0.0},
 number = {38.471},
 title = {{NG-RAN; F1 layer 1}},
 type = {Technical Specification (TS)},
 url = {http://www.3gpp.org/\-DynaReport/\-38471.htm},
 year = {2018}
}

@techreport{3gpp.38.472,
 author = {3GPP},
 day = {18},
 institution = {{3rd Generation Partnership Project (3GPP)}},
 month = {01},
 note = {Version 15.0.0},
 number = {38.472},
 title = {{NG-RAN; F1 signalling transport}},
 type = {Technical Specification (TS)},
 url = {http://www.3gpp.org/\-DynaReport/\-38472.htm},
 year = {2018}
}

@techreport{3gpp.38.473,
 author = {3GPP},
 day = {18},
 institution = {{3rd Generation Partnership Project (3GPP)}},
 month = {01},
 note = {Version 15.0.0},
 number = {38.473},
 title = {{NG-RAN; F1 Application Protocol (F1AP)}},
 type = {Technical Specification (TS)},
 url = {http://www.3gpp.org/\-DynaReport/\-38473.htm},
 year = {2018}
}

@techreport{3gpp.38.474,
 author = {3GPP},
 day = {13},
 institution = {{3rd Generation Partnership Project (3GPP)}},
 month = {01},
 note = {Version 15.0.0},
 number = {38.474},
 title = {{NG-RAN; F1 data transport}},
 type = {Technical Specification (TS)},
 url = {http://www.3gpp.org/\-DynaReport/\-38474.htm},
 year = {2018}
}

@techreport{3gpp.38.801,
 author = {3GPP},
 day = {03},
 institution = {{3rd Generation Partnership Project (3GPP)}},
 month = {04},
 note = {Version 14.0.0},
 number = {38.801},
 title = {{Study on new radio access technology: Radio access architecture and interfaces}},
 type = {Technical Report (TR)},
 url = {http://www.3gpp.org/\-DynaReport/\-38801.htm},
 year = {2017}
}

@techreport{3gpp.38.802,
 author = {3GPP},
 day = {26},
 institution = {{3rd Generation Partnership Project (3GPP)}},
 month = {09},
 note = {Version 14.2.0},
 number = {38.802},
 title = {{Study on new radio access technology Physical layer aspects}},
 type = {Technical Report (TR)},
 url = {http://www.3gpp.org/\-DynaReport/\-38802.htm},
 year = {2017}
}

@techreport{3gpp.38.803,
 author = {3GPP},
 day = {28},
 institution = {{3rd Generation Partnership Project (3GPP)}},
 month = {09},
 note = {Version 14.2.0},
 number = {38.803},
 title = {{Study on new radio access technology: Radio Frequency (RF) and co-existence aspects}},
 type = {Technical Report (TR)},
 url = {http://www.3gpp.org/\-DynaReport/\-38803.htm},
 year = {2017}
}

@techreport{3gpp.38.804,
 author = {3GPP},
 day = {24},
 institution = {{3rd Generation Partnership Project (3GPP)}},
 month = {03},
 note = {Version 14.0.0},
 number = {38.804},
 title = {{Study on new radio access technology Radio interface protocol aspects}},
 type = {Technical Report (TR)},
 url = {http://www.3gpp.org/\-DynaReport/\-38804.htm},
 year = {2017}
}

@techreport{3gpp.38.805,
 author = {3GPP},
 day = {24},
 institution = {{3rd Generation Partnership Project (3GPP)}},
 month = {03},
 note = {Version 14.0.0},
 number = {38.805},
 title = {{Study on new radio access technology; 60 GHz unlicensed spectrum}},
 type = {Technical Report (TR)},
 url = {http://www.3gpp.org/\-DynaReport/\-38805.htm},
 year = {2017}
}

@techreport{3gpp.38.806,
 author = {3GPP},
 day = {18},
 institution = {{3rd Generation Partnership Project (3GPP)}},
 month = {01},
 note = {Version 15.0.0},
 number = {38.806},
 title = {{Study of separation of NR Control Plane (CP) and User Plane (UP) for split option 2}},
 type = {Technical Report (TR)},
 url = {http://www.3gpp.org/\-DynaReport/\-38806.htm},
 year = {2018}
}

@techreport{3gpp.38.816,
 author = {3GPP},
 day = {18},
 institution = {{3rd Generation Partnership Project (3GPP)}},
 month = {01},
 note = {Version 15.0.0},
 number = {38.816},
 title = {{Study on CU-DU lower layer split for NR}},
 type = {Technical Report (TR)},
 url = {http://www.3gpp.org/\-DynaReport/\-38816.htm},
 year = {2018}
}

@techreport{3gpp.38.900,
 author = {3GPP},
 day = {03},
 institution = {{3rd Generation Partnership Project (3GPP)}},
 month = {07},
 note = {Version 14.3.1},
 number = {38.900},
 title = {{Study on channel model for frequency spectrum above 6 GHz}},
 type = {Technical Report (TR)},
 url = {http://www.3gpp.org/\-DynaReport/\-38900.htm},
 year = {2017}
}

@techreport{3gpp.38.901,
 author = {3GPP},
 day = {05},
 institution = {{3rd Generation Partnership Project (3GPP)}},
 month = {01},
 note = {Version 14.3.0},
 number = {38.901},
 title = {{Study on channel model for frequencies from 0.5 to 100 GHz}},
 type = {Technical Report (TR)},
 url = {http://www.3gpp.org/\-DynaReport/\-38901.htm},
 year = {2018}
}

@techreport{3gpp.38.912,
 author = {3GPP},
 day = {03},
 institution = {{3rd Generation Partnership Project (3GPP)}},
 month = {08},
 note = {Version 14.1.0},
 number = {38.912},
 title = {{Study on new radio access technology}},
 type = {Technical Report (TR)},
 url = {http://www.3gpp.org/\-DynaReport/\-38912.htm},
 year = {2017}
}

@techreport{3gpp.38.913,
 author = {3GPP},
 day = {03},
 institution = {{3rd Generation Partnership Project (3GPP)}},
 month = {08},
 note = {Version 14.3.0},
 number = {38.913},
 title = {{Study on scenarios and requirements for next generation access technologies}},
 type = {Technical Report (TR)},
 url = {http://www.3gpp.org/\-DynaReport/\-38913.htm},
 year = {2017}
}

